@INPROCEEDINGS{ demos-54,
AUTHOR = { Zhe Zhao, Hui Chen, Jinbin Zhang, Xin Zhao, Tao Liu, Wei Lu, Xi Chen, Haotang Deng, Qi Ju and Xiaoyong Du },
SORTNAME = { Zhe Zhao, Hui Chen, Jinbin Zhang, Xin Zhao, Tao Liu, Wei Lu, Xi Chen, Haotang Deng, Qi Ju and Xiaoyong Du },
TITLE = { UER: An Open-Source Toolkit for Pre-training Models },
}
@INPROCEEDINGS{ demos-50,
AUTHOR = { Jaejun Lee, Raphael Tang and Jimmy Lin },
SORTNAME = { Jaejun Lee, Raphael Tang and Jimmy Lin },
TITLE = { Honkling: In-Browser Personalization for Ubiquitous Keyword Spotting },
}
@INPROCEEDINGS{ demos-48,
AUTHOR = { Oren Pereg, Daniel Korat, Moshe Wasserblat, Jonathan Mamou and Ido Dagan },
SORTNAME = { Oren Pereg, Daniel Korat, Moshe Wasserblat, Jonathan Mamou and Ido Dagan },
TITLE = { ABSApp: A Portable Weakly-Supervised Aspect-Based Sentiment Extraction System },
}
@INPROCEEDINGS{ demos-112,
AUTHOR = { Chen Xia, Haoxiang Zhang, Jacob Moghtader, Allen Wu and Kai-Wei Chang },
SORTNAME = { Chen Xia, Haoxiang Zhang, Jacob Moghtader, Allen Wu and Kai-Wei Chang },
TITLE = { Visualizing Trends of Key Roles in News Articles },
}
@INPROCEEDINGS{ demos-74,
AUTHOR = { Shai Erera, Michal Shmueli-Scheuer, Guy Feigenblat, Ora Peled Nakash, Odellia Boni, Haggai Roitman, Doron Cohen, Bar Weiner, Yosi Mass, Or Rivlin, Guy Lev, Achiya Jerbi, Jonathan Herzig, Yufang Hou, Charles Jochim, Martin Gleize, Francesca Bonin, Francesca Bonin and David Konopnicki },
SORTNAME = { Shai Erera, Michal Shmueli-Scheuer, Guy Feigenblat, Ora Peled Nakash, Odellia Boni, Haggai Roitman, Doron Cohen, Bar Weiner, Yosi Mass, Or Rivlin, Guy Lev, Achiya Jerbi, Jonathan Herzig, Yufang Hou, Charles Jochim, Martin Gleize, Francesca Bonin, Francesca Bonin and David Konopnicki },
TITLE = { A Summarization System for Scientific Documents },
}
@INPROCEEDINGS{ demos-115,
AUTHOR = { Denis Newman-Griffis and Eric Fosler-Lussier },
SORTNAME = { Denis Newman-Griffis and Eric Fosler-Lussier },
TITLE = { HARE: a Flexible Highlighting Annotator for Ranking and Exploration },
}
@INPROCEEDINGS{ demos-86,
AUTHOR = { Seungwhan Moon, Pararth Shah, Rajen Subba and Anuj Kumar },
SORTNAME = { Seungwhan Moon, Pararth Shah, Rajen Subba and Anuj Kumar },
TITLE = { Memory Grounded Conversational Reasoning },
}
@INPROCEEDINGS{ demos-33,
AUTHOR = { Max Eichler, Gözde Gül Şahin and Iryna Gurevych },
SORTNAME = { Max Eichler, Gozde Gul Sahin and Iryna Gurevych },
TITLE = { LINSPECTOR WEB: A Multilingual Probing Suite for Word Representations },
}
@INPROCEEDINGS{ demos-67,
AUTHOR = { Matthew Henderson, Ivan Vulić, Iñigo Casanueva, Paweł Budzianowski, Daniela Gerz, Sam Coope, Georgios Spithourakis, Tsung-Hsien Wen, Nikola Mrkšić and Pei-Hao Su },
SORTNAME = { Matthew Henderson, Ivan Vulic, Inigo Casanueva, Paweł Budzianowski, Daniela Gerz, Sam Coope, Georgios Spithourakis, Tsung-Hsien Wen, Nikola Mrksic and Pei-Hao Su },
TITLE = { PolyResponse: A Rank-based Approach to Task-Oriented Dialogue with Application in Restaurant Search and Booking },
}
@INPROCEEDINGS{ demos-81,
AUTHOR = { Nicolas Rodolfo Fauceglia, Alfio Gliozzo, Sarthak Dash, Md. Faisal Mahbub Chowdhury and Nandana Mihindukulasooriya },
SORTNAME = { Nicolas Rodolfo Fauceglia, Alfio Gliozzo, Sarthak Dash, Md. Faisal Mahbub Chowdhury and Nandana Mihindukulasooriya },
TITLE = { Automatic Taxonomy Induction and Expansion },
}
@INPROCEEDINGS{ demos-75,
AUTHOR = { Reut Tsarfaty, Shoval Sadde, Stav Klein and Amit Seker },
SORTNAME = { Reut Tsarfaty, Shoval Sadde, Stav Klein and Amit Seker },
TITLE = { What's Wrong with Hebrew NLP? And How to Make it Right },
}
@INPROCEEDINGS{ demos-43,
AUTHOR = { Yuanfeng Song, Di Jiang, Weiwei Zhao, Qian Xu, Raymond Chi-Wing Wong and Qiang Yang },
SORTNAME = { Yuanfeng Song, Di Jiang, Weiwei Zhao, Qian Xu, Raymond Chi-Wing Wong and Qiang Yang },
TITLE = { Chameleon: A Language Model Adaptation Toolkit for Automatic Speech Recognition of Conversational Speech },
}
@INPROCEEDINGS{ demos-36,
AUTHOR = { Jonas Pfeiffer, Christian M. Meyer, Claudia Schulz, Jan Kiesewetter, Jan Zottmann, Michael Sailer, Elisabeth Bauer, Frank Fischer, Martin R. Fischer and Iryna Gurevych },
SORTNAME = { Jonas Pfeiffer, Christian M. Meyer, Claudia Schulz, Jan Kiesewetter, Jan Zottmann, Michael Sailer, Elisabeth Bauer, Frank Fischer, Martin R. Fischer and Iryna Gurevych },
TITLE = { FAMULUS: Interactive Annotation and Feedback Generation for Teaching Diagnostic Reasoning },
}
@INPROCEEDINGS{ demos-105,
AUTHOR = { Thomas J. Bolt, Jeffrey H. Flynt, Pramit Chaudhuri and Joseph P. Dexter },
SORTNAME = { Thomas J. Bolt, Jeffrey H. Flynt, Pramit Chaudhuri and Joseph P. Dexter },
TITLE = { A Stylometry Toolkit for Latin Literature },
}
@INPROCEEDINGS{ demos-85,
AUTHOR = { Thomas Searle, Zeljko Kraljevic, Rebecca Bendayan, Daniel Bean and Richard Dobson },
SORTNAME = { Thomas Searle, Zeljko Kraljevic, Rebecca Bendayan, Daniel Bean and Richard Dobson },
TITLE = { MedCATTrainer: A Biomedical Free Text Annotation Interface with Active Learning and Research Use Case Specific Customisation },
}
@INPROCEEDINGS{ demos-42,
AUTHOR = { Liang-Hsin Shen, Pei-Lun Tai, Chao-Chung Wu and Shou-De Lin },
SORTNAME = { Liang-Hsin Shen, Pei-Lun Tai, Chao-Chung Wu and Shou-De Lin },
TITLE = { Controlling Sequence-to-Sequence Models - A Demonstration on Neural-based Acrostic Generator },
}
@INPROCEEDINGS{ demos-64,
AUTHOR = { Michael Stewart, Wei Liu and Rachel Cardell-Oliver },
SORTNAME = { Michael Stewart, Wei Liu and Rachel Cardell-Oliver },
TITLE = { Redcoat: A Collaborative Annotation Tool for Hierarchical Entity Typing },
}
@INPROCEEDINGS{ demos-38,
AUTHOR = { Eugene Kharitonov, Rahma Chaabouni, Diane Bouchacourt and Marco Baroni },
SORTNAME = { Eugene Kharitonov, Rahma Chaabouni, Diane Bouchacourt and Marco Baroni },
TITLE = { EGG: a toolkit for research on Emergence of lanGuage in Games },
}
@INPROCEEDINGS{ demos-5,
AUTHOR = { Changhan Wang, Anirudh Jain, Danlu Chen and Jiatao Gu },
SORTNAME = { Changhan Wang, Anirudh Jain, Danlu Chen and Jiatao Gu },
TITLE = { VizSeq: a visual analysis toolkit for text generation tasks },
}
@INPROCEEDINGS{ demos-114,
AUTHOR = { Yifan Zhang, Giovanni Da San Martino, Alberto Barrón-Cedeño, Salvatore Romeo, Jisun An, Haewoon Kwak, Todor Staykovski, Israa Jaradat, Georgi Karadzhov, Ramy Baly, Kareem Darwish, James Glass and Preslav Nakov },
SORTNAME = { Yifan Zhang, Giovanni Da San Martino, Alberto Barron-Cedeno, Salvatore Romeo, Jisun An, Haewoon Kwak, Todor Staykovski, Israa Jaradat, Georgi Karadzhov, Ramy Baly, Kareem Darwish, James Glass and Preslav Nakov },
TITLE = { Tanbih: Get To Know What You Are Reading },
}
@INPROCEEDINGS{ demos-109,
AUTHOR = { Qiongkai Xu, Chenchen Xu and Lizhen Qu },
SORTNAME = { Qiongkai Xu, Chenchen Xu and Lizhen Qu },
TITLE = { ALTER: Auxiliary Text Rewriting Tool for Natural Language Generation },
}
@INPROCEEDINGS{ demos-39,
AUTHOR = { Masato Hagiwara, Takumi Ito, Tatsuki Kuribayashi, Jun Suzuki and Kentaro Inui },
SORTNAME = { Masato Hagiwara, Takumi Ito, Tatsuki Kuribayashi, Jun Suzuki and Kentaro Inui },
TITLE = { TEASPN: Framework and Protocol for Integrated Writing Assistance Environments },
}
@INPROCEEDINGS{ demos-65,
AUTHOR = { Hamdy Mubarak, Ahmed Abdelali, Kareem Darwish, Mohamed Eldesouki, Younes Samih and Hassan Sajjad },
SORTNAME = { Hamdy Mubarak, Ahmed Abdelali, Kareem Darwish, Mohamed Eldesouki, Younes Samih and Hassan Sajjad },
TITLE = { A System for Diacritizing Four Varieties of Arabic },
}
@INPROCEEDINGS{ demos-103,
AUTHOR = { Dian Yu, Michelle Cohn, Yi Mang Yang, Chun Yen Chen, Weiming Wen, Jiaping Zhang, Mingyang Zhou, Kevin Jesse, Austin Chau, Antara Bhowmick, Shreenath Iyer, Giritheja Sreenivasulu, Sam Davidson, Ashwin Bhandare and Zhou Yu },
SORTNAME = { Dian Yu, Michelle Cohn, Yi Mang Yang, Chun Yen Chen, Weiming Wen, Jiaping Zhang, Mingyang Zhou, Kevin Jesse, Austin Chau, Antara Bhowmick, Shreenath Iyer, Giritheja Sreenivasulu, Sam Davidson, Ashwin Bhandare and Zhou Yu },
TITLE = { Gunrock: A Social Bot for Complex and Engaging Long Conversations },
}
@INPROCEEDINGS{ demos-78,
AUTHOR = { Fabian David Schmidt, Markus Dietsche, Simone Paolo Ponzetto and Goran Glavaš },
SORTNAME = { Fabian David Schmidt, Markus Dietsche, Simone Paolo Ponzetto and Goran Glavas },
TITLE = { SEAGLE: A Platform for Comparative Evaluation of Semantic Encoders for Information Retrieval },
}
@INPROCEEDINGS{ demos-88,
AUTHOR = { Arushi Raghuvanshi, Vijay Ramakrishnan, Varsha Embar, Lucien Carroll and Karthik Raghunathan },
SORTNAME = { Arushi Raghuvanshi, Vijay Ramakrishnan, Varsha Embar, Lucien Carroll and Karthik Raghunathan },
TITLE = { Entity resolution for noisy ASR transcripts },
}
@INPROCEEDINGS{ demos-87,
AUTHOR = { Zeynep Akkalyoncu Yilmaz, Shengjin Wang, Wei Yang, Haotian Zhang and Jimmy Lin },
SORTNAME = { Zeynep Akkalyoncu Yilmaz, Shengjin Wang, Wei Yang, Haotian Zhang and Jimmy Lin },
TITLE = { Applying BERT to Document Retrieval with Birch },
}
@INPROCEEDINGS{ demos-37,
AUTHOR = { Rishav Chakravarti, Cezar Pendus, Andrzej Sakrajda, Anthony Ferritto, Lin Pan, Michael Glass, Vittorio Castelli, J William Murdock, Radu Florian, Salim Roukos and Avi Sil },
SORTNAME = { Rishav Chakravarti, Cezar Pendus, Andrzej Sakrajda, Anthony Ferritto, Lin Pan, Michael Glass, Vittorio Castelli, J William Murdock, Radu Florian, Salim Roukos and Avi Sil },
TITLE = { CFO: A Framework for Building Production NLP Systems },
}
@INPROCEEDINGS{ demos-59,
AUTHOR = { Carlos Escolano, Marta R. Costa-jussà, Elora Lacroux and Pere-Pau Vázquez },
SORTNAME = { Carlos Escolano, Marta R. Costa-jussa, Elora Lacroux and Pere-Pau Vazquez },
TITLE = { Multilingual, Multi-scale and Multi-layer Visualization of Intermediate Representations },
}
@INPROCEEDINGS{ demos-30,
AUTHOR = { Ziyue Wang, Baoxin Wang, Xingyi Duan, Dayong Wu, Shijin Wang, Guoping Hu and Ting Liu },
SORTNAME = { Ziyue Wang, Baoxin Wang, Xingyi Duan, Dayong Wu, Shijin Wang, Guoping Hu and Ting Liu },
TITLE = { IFlyLegal: A Chinese Legal System for Consultation, Law Searching, and Document Analysis },
}
@INPROCEEDINGS{ demos-57,
AUTHOR = { Bo An, Chen Bo, Xianpei Han and Le Sun },
SORTNAME = { Bo An, Chen Bo, Xianpei Han and Le Sun },
TITLE = { EUSP: An Easy-to-Use Semantic Parsing PlatForm },
}
@INPROCEEDINGS{ demos-100,
AUTHOR = { Sebastin Santy, Sandipan Dandapat, Monojit Choudhury and Kalika Bali },
SORTNAME = { Sebastin Santy, Sandipan Dandapat, Monojit Choudhury and Kalika Bali },
TITLE = { INMT: Interactive Neural Machine Translation Prediction },
}
@INPROCEEDINGS{ demos-40,
AUTHOR = { Julia Kreutzer, Joost Bastings and Stefan Riezler },
SORTNAME = { Julia Kreutzer, Joost Bastings and Stefan Riezler },
TITLE = { Joey NMT: A Minimalist NMT Toolkit for Novices },
}
@INPROCEEDINGS{ demos-29,
AUTHOR = { Chenchen Ding, Masao Utiyama and Eiichiro Sumita },
SORTNAME = { Chenchen Ding, Masao Utiyama and Eiichiro Sumita },
TITLE = { MY-AKKHARA: A Romanization-based Burmese (Myanmar) Input Method },
}
@INPROCEEDINGS{ demos-71,
AUTHOR = { Edward Collins, Nikolai Rozanov and Bingbing Zhang },
SORTNAME = { Edward Collins, Nikolai Rozanov and Bingbing Zhang },
TITLE = { LIDA: Lightweight Interactive Dialogue Annotator },
}
@INPROCEEDINGS{ demos-41,
AUTHOR = { Ming Gong, Linjun Shou, Wutao Lin, Zhijie Sang, Quanjia Yan, Ze Yang, Feixiang Cheng and Daxin Jiang },
SORTNAME = { Ming Gong, Linjun Shou, Wutao Lin, Zhijie Sang, Quanjia Yan, Ze Yang, Feixiang Cheng and Daxin Jiang },
TITLE = { NeuronBlocks: Building Your NLP DNN Models Like Playing Lego },
}
@INPROCEEDINGS{ demos-66,
AUTHOR = { vishwajeet kumar, Sivaanandh Muneeswaran, Ganesh Ramakrishnan and Yuan-Fang Li },
SORTNAME = { vishwajeet kumar, Sivaanandh Muneeswaran, Ganesh Ramakrishnan and Yuan-Fang Li },
TITLE = { ParaQG: A System for Generating Questions and Answers from Paragraphs },
}
@INPROCEEDINGS{ demos-44,
AUTHOR = { Eric Wallace, Jens Tuyls, Junlin Wang, Sanjay Subramanian, Matt Gardner and Sameer Singh },
SORTNAME = { Eric Wallace, Jens Tuyls, Junlin Wang, Sanjay Subramanian, Matt Gardner and Sameer Singh },
TITLE = { AllenNLP Interpret: A Framework for Explaining Predictions of NLP Models },
}
@INPROCEEDINGS{ demos-80,
AUTHOR = { Xu Han, Tianyu Gao, Yuan Yao, Deming Ye, Zhiyuan Liu and Maosong Sun },
SORTNAME = { Xu Han, Tianyu Gao, Yuan Yao, Deming Ye, Zhiyuan Liu and Maosong Sun },
TITLE = { OpenNRE: An Open and Extensible Toolkit for Neural Relation Extraction },
}
@INPROCEEDINGS{ demos-60,
AUTHOR = { Youngsoo Jang, Jongmin Lee, Jaeyoung Park, Kyeng-Hun Lee, Pierre Lison and Kee-Eung Kim },
SORTNAME = { Youngsoo Jang, Jongmin Lee, Jaeyoung Park, Kyeng-Hun Lee, Pierre Lison and Kee-Eung Kim },
TITLE = { PyOpenDial: A Python-based Domain-Independent Toolkit for Developing Spoken Dialogue Systems with Probabilistic Rules },
}
@INPROCEEDINGS{ demos-98,
AUTHOR = { Lan Jiang, Shuhan Hu, Mingyu Huang, Zhichun Wang, Jinjian Yang, Xiaoju Ye and Wei Zheng },
SORTNAME = { Lan Jiang, Shuhan Hu, Mingyu Huang, Zhichun Wang, Jinjian Yang, Xiaoju Ye and Wei Zheng },
TITLE = { MAssistant: A Personal Knowledge Assistant for MOOC Learners },
}
@INPROCEEDINGS{ demos-89,
AUTHOR = { Twin Karmakharm, Nikolaos Aletras and Kalina Bontcheva },
SORTNAME = { Twin Karmakharm, Nikolaos Aletras and Kalina Bontcheva },
TITLE = { Journalist-in-the-Loop: Continuous Learning as a Service for Rumour Analysis },
}
@INPROCEEDINGS{ demos-94,
AUTHOR = { Fernando Alva-Manchego, Louis Martin, Carolina Scarton and Lucia Specia },
SORTNAME = { Fernando Alva-Manchego, Louis Martin, Carolina Scarton and Lucia Specia },
TITLE = { EASSE: Easier Automatic Sentence Simplification Evaluation },
}
@INPROCEEDINGS{ demos-47,
AUTHOR = { Yi-Huei Lai and Jason Chang },
SORTNAME = { Yi-Huei Lai and Jason Chang },
TITLE = { TellMeWhy: Learning to Explain Corrective Feedback for Second Language Learners },
}
