@INPROCEEDINGS{ FEVER-21,
AUTHOR = { Christopher Hidey, Tuhin Chakrabarty, Tariq Alhindi, Siddharth Varia, Kriste Krstovski, Mona Diab and Smaranda Muresan },
SORTNAME = { Christopher Hidey, Tuhin Chakrabarty, Tariq Alhindi, Siddharth Varia, Kriste Krstovski, Mona Diab and Smaranda Muresan },
TITLE = { Cure My FEVER : Building, Breaking and Fixing Models for Fact-Checking },
}
@INPROCEEDINGS{ FEVER-11,
AUTHOR = { Wai-Howe Khong, Lay-Ki Soon and Hui-Ngo Goh },
SORTNAME = { Wai-Howe Khong, Lay-Ki Soon and Hui-Ngo Goh },
TITLE = { Hybrid Models for Aspects Extraction without Labelled Dataset },
}
@INPROCEEDINGS{ FEVER-26,
AUTHOR = { Wei Fang, Moin Nadeem, Mitra Mohtarami and James Glass },
SORTNAME = { Wei Fang, Moin Nadeem, Mitra Mohtarami and James Glass },
TITLE = { Neural Multi-Task Learning for Stance Prediction },
}
@INPROCEEDINGS{ FEVER-9,
AUTHOR = { Diego Saez-Trumper and Jonathan Morgan },
SORTNAME = { Diego Saez-Trumper and Jonathan Morgan },
TITLE = { Towards a Positive Feedback between the Wikimedia Ecosystem and Machine Learning Fact Verification },
}
@INPROCEEDINGS{ FEVER-4,
AUTHOR = { Alireza Mohammadshahi, Rémi Lebret and Karl Aberer },
SORTNAME = { Alireza Mohammadshahi, Remi Lebret and Karl Aberer },
TITLE = { Aligning Multilingual Word Embeddings for Cross-Modal Retrieval Task },
}
@INPROCEEDINGS{ FEVER-23,
AUTHOR = { Chris Stahlhut },
SORTNAME = { Chris Stahlhut },
TITLE = { Interactive Evidence Detection: train state-of-the-art model out-of-domain or simple model interactively? },
}
@INPROCEEDINGS{ FEVER-5,
AUTHOR = { Martin Andrews and Sam Witteveen },
SORTNAME = { Martin Andrews and Sam Witteveen },
TITLE = { Unsupervised Natural Question Answering with a Small Model },
}
@INPROCEEDINGS{ FEVER-7,
AUTHOR = { Seong Sik Park and Harksoo Kim },
SORTNAME = { Seong Sik Park and Harksoo Kim },
TITLE = { Relation Extraction among Multiple Entities Using a Dual Pointer Network with a Multi-Head Attention Mechanism },
}
@INPROCEEDINGS{ FEVER-16,
AUTHOR = { Anton Chernyavskiy and Dmitry Ilvovsky },
SORTNAME = { Anton Chernyavskiy and Dmitry Ilvovsky },
TITLE = { Extract and Aggregate: A Novel Domain-Independent Approach to Factual Data Verification },
}
@INPROCEEDINGS{ FEVER-28,
AUTHOR = { Lucas Azevedo and Mohamed Moustafa },
SORTNAME = { Lucas Azevedo and Mohamed Moustafa },
TITLE = { Veritas Annotator: Discovering the Origin of a Rumour },
}
@INPROCEEDINGS{ FEVER-15,
AUTHOR = { Keshav Singh, Paul Reisert, Naoya Inoue, Pride Kavumba and Kentaro Inui },
SORTNAME = { Keshav Singh, Paul Reisert, Naoya Inoue, Pride Kavumba and Kentaro Inui },
TITLE = { Improving Evidence Detection by Leveraging Warrants },
}
@INPROCEEDINGS{ FEVER-24,
AUTHOR = { Piotr Niewinski, Maria Pszona and Maria Janicka },
SORTNAME = { Piotr Niewinski, Maria Pszona and Maria Janicka },
TITLE = { GEM: Generative Enhanced Model for adversarial attacks },
}
@INPROCEEDINGS{ FEVER-8,
AUTHOR = { Mayank Jobanputra },
SORTNAME = { Mayank Jobanputra },
TITLE = { Question Answering for Fact-Checking },
}
@INPROCEEDINGS{ FEVER-29,
AUTHOR = { Aimée Alonso-Reina, Robiert Sepúlveda-Torres, Estela Saquete and Manuel Palomar },
SORTNAME = { Aimee Alonso-Reina, Robiert Sepulveda-Torres, Estela Saquete and Manuel Palomar },
TITLE = { Team GPLSI. Approach for automated fact checking },
}
@INPROCEEDINGS{ FEVER-27,
AUTHOR = { James Thorne, Andreas Vlachos, Oana Cocarascu, Christos Christodoulopoulos and Arpit Mittal },
SORTNAME = { James Thorne, Andreas Vlachos, Oana Cocarascu, Christos Christodoulopoulos and Arpit Mittal },
TITLE = { The FEVER2.0 Shared Task },
}
@INPROCEEDINGS{ FEVER-19,
AUTHOR = { Youngwoo Kim and James Allan },
SORTNAME = { Youngwoo Kim and James Allan },
TITLE = { FEVER Breaker’s Run of Team NbAuzDrLqg },
}
@INPROCEEDINGS{ FEVER-13,
AUTHOR = { Aleksander Wawer, Grzegorz Wojdyga and Justyna Sarzyńska-Wawer },
SORTNAME = { Aleksander Wawer, Grzegorz Wojdyga and Justyna Sarzynska-Wawer },
TITLE = { Fact Checking or Psycholinguistics: How to Distinguish Fake and True Claims? },
}
@INPROCEEDINGS{ FEVER-6,
AUTHOR = { Ryan Clancy, Ihab F. Ilyas and Jimmy Lin },
SORTNAME = { Ryan Clancy, Ihab F. Ilyas and Jimmy Lin },
TITLE = { Scalable Knowledge Graph Construction from Text Collections },
}
@INPROCEEDINGS{ FEVER-25,
AUTHOR = { Dominik Stammbach and Guenter Neumann },
SORTNAME = { Dominik Stammbach and Guenter Neumann },
TITLE = { Team DOMLIN: Exploiting Evidence Enhancement for the FEVER Shared Task },
}
