@INPROCEEDINGS{ CONLL-233,
AUTHOR = { Daniel Deutsch and Shyam Upadhyay and Dan Roth },
SORTNAME = { Daniel Deutsch and Shyam Upadhyay and Dan Roth },
TITLE = { A General-Purpose Algorithm for Constrained Sequential Inference },
}
@INPROCEEDINGS{ CONLL-454,
AUTHOR = { Masato Neishi and Naoki Yoshinaga },
SORTNAME = { Masato Neishi and Naoki Yoshinaga },
TITLE = { On the Relation between Position Information and Sentence Length in Neural Machine Translation },
}
@INPROCEEDINGS{ CONLL-402,
AUTHOR = { Yukun Feng and Hidetaka Kamigaito and Hiroya Takamura and Manabu Okumura },
SORTNAME = { Yukun Feng and Hidetaka Kamigaito and Hiroya Takamura and Manabu Okumura },
TITLE = { A Simple and Effective Method for Injecting Word-level Information into Character-aware Neural Language Models },
}
@INPROCEEDINGS{ CONLL-197,
AUTHOR = { Phoebe Mulcaire and Jungo Kasai and Noah A. Smith },
SORTNAME = { Phoebe Mulcaire and Jungo Kasai and Noah A. Smith },
TITLE = { Low-Resource Parsing with Crosslingual Contextualized Representations },
}
@INPROCEEDINGS{ CONLL-48,
AUTHOR = { Mustafa Sercan Amac and Semih Yagcioglu and Aykut Erdem and Erkut Erdem },
SORTNAME = { Mustafa Sercan Amac and Semih Yagcioglu and Aykut Erdem and Erkut Erdem },
TITLE = { Procedural Reasoning Networks for Understanding Multimodal Procedures },
}
@INPROCEEDINGS{ CONLL-328,
AUTHOR = { Yanjun Gao and Chen Sun and Rebecca J. Passonneau },
SORTNAME = { Yanjun Gao and Chen Sun and Rebecca J. Passonneau },
TITLE = { Automated Pyramid Summarization Evaluation },
}
@INPROCEEDINGS{ CONLL-473,
AUTHOR = { Steve Durairaj Swamy and Anupam Jamatia and Björn Gambäck },
SORTNAME = { Steve Durairaj Swamy and Anupam Jamatia and Bjorn Gamback },
TITLE = { Studying Generalisability across Abusive Language Detection Datasets },
}
@INPROCEEDINGS{ CONLL-342,
AUTHOR = { Chi-kiu Lo and Michel Simard },
SORTNAME = { Chi-kiu Lo and Michel Simard },
TITLE = { Fully Unsupervised Crosslingual Semantic Textual Similarity Metric Based on BERT for Identifying Parallel Data },
}
@INPROCEEDINGS{ CONLL-12,
AUTHOR = { Hai Wang and Dian Yu and Kai Sun and Jianshu Chen and Dong Yu and David McAllester and Dan Roth },
SORTNAME = { Hai Wang and Dian Yu and Kai Sun and Jianshu Chen and Dong Yu and David McAllester and Dan Roth },
TITLE = { Evidence Sentence Extraction for Machine Reading Comprehension },
}
@INPROCEEDINGS{ CONLL-378,
AUTHOR = { Qianchu Liu and Diana McCarthy and Ivan Vulić and Anna Korhonen },
SORTNAME = { Qianchu Liu and Diana McCarthy and Ivan Vulic and Anna Korhonen },
TITLE = { Investigating Cross-lingual Alignment Methods for Contextualized Embeddings with Token-level Evaluation },
}
@INPROCEEDINGS{ CONLL-305,
AUTHOR = { Zhenqi Zhu and Anoop Sarkar },
SORTNAME = { Zhenqi Zhu and Anoop Sarkar },
TITLE = { Deconstructing Supertagging into Multi-task Sequence Prediction },
}
@INPROCEEDINGS{ CONLL-81,
AUTHOR = { Zhengqi Pei and Zhewei Sun and Yang Xu },
SORTNAME = { Zhengqi Pei and Zhewei Sun and Yang Xu },
TITLE = { Slang Detection and Identification },
}
@INPROCEEDINGS{ CONLL-224,
AUTHOR = { Haidong Zhang and Wancheng Ni and Meijing Zhao and Ziqi Lin },
SORTNAME = { Haidong Zhang and Wancheng Ni and Meijing Zhao and Ziqi Lin },
TITLE = { Cluster-gated Convolutional Neural Network for Short Text Classification },
}
@INPROCEEDINGS{ CONLL-464,
AUTHOR = { Yanlin Feng and Xiaojun Wan },
SORTNAME = { Yanlin Feng and Xiaojun Wan },
TITLE = { Towards a Unified End-to-End Approach for Fully Unsupervised Cross-lingual Sentiment Analysis },
}
@INPROCEEDINGS{ CONLL-407,
AUTHOR = { Rishabh Jain and Pranava Madhyastha },
SORTNAME = { Rishabh Jain and Pranava Madhyastha },
TITLE = { On Model Stability as a Function of Random Seed },
}
@INPROCEEDINGS{ CONLL-341,
AUTHOR = { J. Edward Hu and Abhinav Singh and Nils Holzenberger and Matt Post and Benjamin Van Durme },
SORTNAME = { J. Edward Hu and Abhinav Singh and Nils Holzenberger and Matt Post and Benjamin Van Durme },
TITLE = { Large-scale, Diverse, Paraphrastic Bitexts via Sampling and Clustering },
}
@INPROCEEDINGS{ CONLL-296,
AUTHOR = { Gabriel Ilharco and Yuan Zhang and Jason Baldridge },
SORTNAME = { Gabriel Ilharco and Yuan Zhang and Jason Baldridge },
TITLE = { Large-scale Representation Learning from Visually Grounded Untranscribed Speech },
}
@INPROCEEDINGS{ CONLL-368,
AUTHOR = { Kevin Stowe and Sarah Moeller and Laura Michaelis and Martha Palmer },
SORTNAME = { Kevin Stowe and Sarah Moeller and Laura Michaelis and Martha Palmer },
TITLE = { Linguistic Analysis Improves Neural Metaphor Detection },
}
@INPROCEEDINGS{ CONLL-97,
AUTHOR = { Haoruo Peng and Qiang Ning and Dan Roth },
SORTNAME = { Haoruo Peng and Qiang Ning and Dan Roth },
TITLE = { KnowSemLM: A Knowledge Infused Semantic Language Model },
}
@INPROCEEDINGS{ CONLL-43,
AUTHOR = { Fenglin Liu and Meng Gao and Yuanxin Liu and Kai Lei },
SORTNAME = { Fenglin Liu and Meng Gao and Yuanxin Liu and Kai Lei },
TITLE = { Self-Adaptive Scaling for Learnable Residual Structure },
}
@INPROCEEDINGS{ CONLL-131,
AUTHOR = { Pallavi Patil and Kriti Myer and Ronak Zala and Arpit Singh and Sheshera Mysore and Andrew McCallum and Adrian Benton and Amanda Stent },
SORTNAME = { Pallavi Patil and Kriti Myer and Ronak Zala and Arpit Singh and Sheshera Mysore and Andrew McCallum and Adrian Benton and Amanda Stent },
TITLE = { Roll Call Vote Prediction with Knowledge Augmented Models },
}
@INPROCEEDINGS{ CONLL-257,
AUTHOR = { Tetiana Parshakova and Jean-Marc Andreoli and Marc Dymetman },
SORTNAME = { Tetiana Parshakova and Jean-Marc Andreoli and Marc Dymetman },
TITLE = { Global Autoregressive Models for Data-Efficient Sequence Learning },
}
@INPROCEEDINGS{ CONLL-171,
AUTHOR = { Hila Gonen and Yova Kementchedjhieva and Yoav Goldberg },
SORTNAME = { Hila Gonen and Yova Kementchedjhieva and Yoav Goldberg },
TITLE = { How Does Grammatical Gender Affect Noun Representations in Gender-Marking Languages? },
}
@INPROCEEDINGS{ CONLL-283,
AUTHOR = { Ella Rabinovich and Julia Watson and Barend Beekhuizen and Suzanne Stevenson },
SORTNAME = { Ella Rabinovich and Julia Watson and Barend Beekhuizen and Suzanne Stevenson },
TITLE = { Say Anything: Automatic Semantic Infelicity Detection in L2 English Indefinite Pronouns },
}
@INPROCEEDINGS{ CONLL-102,
AUTHOR = { Jack Hessel and Bo Pang and Zhenhai Zhu and Radu Soricut },
SORTNAME = { Jack Hessel and Bo Pang and Zhenhai Zhu and Radu Soricut },
TITLE = { A Case Study on Combining ASR and Visual Features for Generating Instructional Video Captions },
}
@INPROCEEDINGS{ CONLL-279,
AUTHOR = { Hsin-Ping Huang and Junyi Jessy Li },
SORTNAME = { Hsin-Ping Huang and Junyi Jessy Li },
TITLE = { Unsupervised Adversarial Domain Adaptation for Implicit Discourse Relation Classification },
}
@INPROCEEDINGS{ CONLL-129,
AUTHOR = { Noémien Kocher and Christian Scuito and Lorenzo Tarantino and Alexandros Lazaridis and Andreas Fischer and Claudiu Musat },
SORTNAME = { Noemien Kocher and Christian Scuito and Lorenzo Tarantino and Alexandros Lazaridis and Andreas Fischer and Claudiu Musat },
TITLE = { Alleviating Sequence Information Loss with Data Overlapping and Prime Batch Sizes },
}
@INPROCEEDINGS{ CONLL-31,
AUTHOR = { Michael Tschuggnall and Benjamin Murauer and Günther Specht },
SORTNAME = { Michael Tschuggnall and Benjamin Murauer and Gunther Specht },
TITLE = { Reduce \& Attribute: Two-Step Authorship Attribution for Large-Scale Problems },
}
@INPROCEEDINGS{ CONLL-119,
AUTHOR = { William Havard and Jean-Pierre Chevrot and Laurent Besacier },
SORTNAME = { William Havard and Jean-Pierre Chevrot and Laurent Besacier },
TITLE = { Word Recognition, Competition, and Activation in a Model of Visually Grounded Speech },
}
@INPROCEEDINGS{ CONLL-215,
AUTHOR = { Yuze Ji and Youfang Lin and Jianwei Gao and Huaiyu Wan },
SORTNAME = { Yuze Ji and Youfang Lin and Jianwei Gao and Huaiyu Wan },
TITLE = { Exploiting the Entity Type Sequence to Benefit Event Detection },
}
@INPROCEEDINGS{ CONLL-154,
AUTHOR = { Yi-An Lai and Arshit Gupta and Yi Zhang },
SORTNAME = { Yi-An Lai and Arshit Gupta and Yi Zhang },
TITLE = { Goal-Embedded Dual Hierarchical Model for Task-Oriented Dialogue Generation },
}
@INPROCEEDINGS{ CONLL-300,
AUTHOR = { Aïssatou Diallo and Markus Zopf and Johannes Fürnkranz },
SORTNAME = { Aissatou Diallo and Markus Zopf and Johannes Furnkranz },
TITLE = { Learning Analogy-Preserving Sentence Embeddings for Answer Selection },
}
@INPROCEEDINGS{ CONLL-206,
AUTHOR = { Kushal Chawla and Balaji Vasan Srinivasan and Niyati Chhaya },
SORTNAME = { Kushal Chawla and Balaji Vasan Srinivasan and Niyati Chhaya },
TITLE = { Generating Formality-tuned Summaries Using Input-dependent Rewards },
}
@INPROCEEDINGS{ CONLL-463,
AUTHOR = { Samuel Broscheit },
SORTNAME = { Samuel Broscheit },
TITLE = { Investigating Entity Knowledge in BERT with Simple NeuralEnd-To-End Entity Linking },
}
@INPROCEEDINGS{ CONLL-187,
AUTHOR = { Leshem Choshen and Omri Abend },
SORTNAME = { Leshem Choshen and Omri Abend },
TITLE = { Automatically Extracting Challenge Sets for Non-local Phenomena in Neural Machine Translation },
}
@INPROCEEDINGS{ CONLL-42,
AUTHOR = { Xingyi Cheng and Weidi Xu and Taifeng Wang and Wei Chu and Weipeng Huang and Kunlong Chen and Junfeng Hu },
SORTNAME = { Xingyi Cheng and Weidi Xu and Taifeng Wang and Wei Chu and Weipeng Huang and Kunlong Chen and Junfeng Hu },
TITLE = { Variational Semi-supervised Aspect-term Sentiment Analysis via Transformer },
}
@INPROCEEDINGS{ CONLL-62,
AUTHOR = { Cao Liu and Kang Liu and Shizhu He and Zaiqing Nie and Jun Zhao },
SORTNAME = { Cao Liu and Kang Liu and Shizhu He and Zaiqing Nie and Jun Zhao },
TITLE = { Incorporating Interlocutor-Aware Context into Response Generation on Multi-Party Chatbots },
}
@INPROCEEDINGS{ CONLL-10,
AUTHOR = { Hai Wang and Dian Yu and Kai Sun and Jianshu Chen and Dong Yu },
SORTNAME = { Hai Wang and Dian Yu and Kai Sun and Jianshu Chen and Dong Yu },
TITLE = { Improving Pre-Trained Multilingual Model with Vocabulary Expansion },
}
@INPROCEEDINGS{ CONLL-138,
AUTHOR = { Nora Hollenstein and Antonio De La Torre and Nicolas Langer and Ce Zhang },
SORTNAME = { Nora Hollenstein and Antonio De La Torre and Nicolas Langer and Ce Zhang },
TITLE = { CogniVal: A Framework for Cognitive Word Embedding Evaluation },
}
@INPROCEEDINGS{ CONLL-45,
AUTHOR = { Xiao Huang and Li Dong and Elizabeth Boschee and Nanyun Peng },
SORTNAME = { Xiao Huang and Li Dong and Elizabeth Boschee and Nanyun Peng },
TITLE = { Learning a Unified Named Entity Tagger from Multiple Partially Annotated Corpora for Efficient Adaptation },
}
@INPROCEEDINGS{ CONLL-301,
AUTHOR = { Subhro Roy and Michael Noseworthy and Rohan Paul and Daehyung Park and Nicholas Roy },
SORTNAME = { Subhro Roy and Michael Noseworthy and Rohan Paul and Daehyung Park and Nicholas Roy },
TITLE = { Leveraging past References for Robust Language Grounding },
}
@INPROCEEDINGS{ CONLL-411,
AUTHOR = { Omri Koshorek and Gabriel Stanovsky and Yichu Zhou and Vivek Srikumar and Jonathan Berant },
SORTNAME = { Omri Koshorek and Gabriel Stanovsky and Yichu Zhou and Vivek Srikumar and Jonathan Berant },
TITLE = { On the Limits of Learning to Actively Learn Semantic Representations },
}
@INPROCEEDINGS{ CONLL-413,
AUTHOR = { Ruizhe Li and Chenghua Lin and Matthew Collinson and Xiao Li and Guanyi Chen },
SORTNAME = { Ruizhe Li and Chenghua Lin and Matthew Collinson and Xiao Li and Guanyi Chen },
TITLE = { A Dual-Attention Hierarchical Recurrent Neural Network for Dialogue Act Classification },
}
@INPROCEEDINGS{ CONLL-282,
AUTHOR = { Jarkko Lagus and Janne Sinkkonen and Arto Klami },
SORTNAME = { Jarkko Lagus and Janne Sinkkonen and Arto Klami },
TITLE = { Low-rank Approximations of Second-order Document Representations },
}
@INPROCEEDINGS{ CONLL-369,
AUTHOR = { Kunho Kim and Rahul Jha and Kyle Williams and Alex Marin and Imed Zitouni },
SORTNAME = { Kunho Kim and Rahul Jha and Kyle Williams and Alex Marin and Imed Zitouni },
TITLE = { Slot Tagging for Task Oriented Spoken Language Understanding in Human-to-human Conversation Scenarios },
}
@INPROCEEDINGS{ CONLL-114,
AUTHOR = { Chaodong Tong and Huailiang Peng and Qiong Dai and Lei Jiang and Jianghua Huang },
SORTNAME = { Chaodong Tong and Huailiang Peng and Qiong Dai and Lei Jiang and Jianghua Huang },
TITLE = { Improving Natural Language Understanding by Reverse Mapping Bytepair Encoding },
}
@INPROCEEDINGS{ CONLL-142,
AUTHOR = { Pedro Mota and Maxine Eskenazi and Luisa Coheur },
SORTNAME = { Pedro Mota and Maxine Eskenazi and Luisa Coheur },
TITLE = { BeamSeg: A Joint Model for Multi-Document Segmentation and Topic Identification },
}
@INPROCEEDINGS{ CONLL-130,
AUTHOR = { Seungwhan Moon and Pararth Shah and Anuj Kumar and Rajen Subba },
SORTNAME = { Seungwhan Moon and Pararth Shah and Anuj Kumar and Rajen Subba },
TITLE = { Walk the Memory: Memory Graph Networks for Explainable Memory-grounded Question Answering },
}
@INPROCEEDINGS{ CONLL-219,
AUTHOR = { Siwen Guo and Sviatlana Höhn and Christoph Schommer },
SORTNAME = { Siwen Guo and Sviatlana Hohn and Christoph Schommer },
TITLE = { A Personalized Sentiment Model with Textual and Contextual Information },
}
@INPROCEEDINGS{ CONLL-69,
AUTHOR = { Muhao Chen and Yingtao Tian and Haochen Chen and Kai-Wei Chang and Steve Skiena and Carlo Zaniolo },
SORTNAME = { Muhao Chen and Yingtao Tian and Haochen Chen and Kai-Wei Chang and Steve Skiena and Carlo Zaniolo },
TITLE = { Learning to Represent Bilingual Dictionaries },
}
@INPROCEEDINGS{ CONLL-182,
AUTHOR = { Jiayu Chen and Caixia Yuan and Xiaojie Wang and Ziwei Bai },
SORTNAME = { Jiayu Chen and Caixia Yuan and Xiaojie Wang and Ziwei Bai },
TITLE = { MrMep: Joint Extraction of Multiple Relations and Multiple Entity Pairs Based on Triplet Attention },
}
@INPROCEEDINGS{ CONLL-327,
AUTHOR = { Siyi Liu and Lei Guo and Kate Mays and Margrit Betke and Derry Tanti Wijaya },
SORTNAME = { Siyi Liu and Lei Guo and Kate Mays and Margrit Betke and Derry Tanti Wijaya },
TITLE = { Detecting Frames in News Headlines and Its Application to Analyzing News Framing Trends Surrounding U.S. Gun Violence },
}
@INPROCEEDINGS{ CONLL-324,
AUTHOR = { Ohad Rozen and Vered Shwartz and Roee Aharoni and Ido Dagan },
SORTNAME = { Ohad Rozen and Vered Shwartz and Roee Aharoni and Ido Dagan },
TITLE = { Diversify Your Datasets: Analyzing Generalization via Controlled Variance in Adversarial Datasets },
}
@INPROCEEDINGS{ CONLL-167,
AUTHOR = { Vishwajeet Kumar and Ganesh Ramakrishnan and Yuan-Fang Li },
SORTNAME = { Vishwajeet Kumar and Ganesh Ramakrishnan and Yuan-Fang Li },
TITLE = { Putting the Horse before the Cart: A Generator-Evaluator Framework for Question Generation from Text },
}
@INPROCEEDINGS{ CONLL-308,
AUTHOR = { Mitja Nikolaus and Mostafa Abdou and Matthew Lamm and Rahul Aralikatte and Desmond Elliott },
SORTNAME = { Mitja Nikolaus and Mostafa Abdou and Matthew Lamm and Rahul Aralikatte and Desmond Elliott },
TITLE = { Compositional Generalization in Image Captioning },
}
@INPROCEEDINGS{ CONLL-63,
AUTHOR = { Sajawel Ahmed and Manuel Stoeckel and Christine Driller and Adrian Pachzelt and Alexander Mehler },
SORTNAME = { Sajawel Ahmed and Manuel Stoeckel and Christine Driller and Adrian Pachzelt and Alexander Mehler },
TITLE = { BIOfid Dataset: Publishing a German Gold Standard for Named Entity Recognition in Historical Biodiversity Literature },
}
@INPROCEEDINGS{ CONLL-361,
AUTHOR = { Austin Matthews and Graham Neubig and Chris Dyer },
SORTNAME = { Austin Matthews and Graham Neubig and Chris Dyer },
TITLE = { Comparing Top-down and Bottom-up Neural Generative Dependency Models },
}
@INPROCEEDINGS{ CONLL-88,
AUTHOR = { Paola Merlo and Maria Andueza Rodriguez },
SORTNAME = { Paola Merlo and Maria Andueza Rodriguez },
TITLE = { Cross-lingual Word Embeddings and the Structure of the Human Bilingual Lexicon },
}
@INPROCEEDINGS{ CONLL-186,
AUTHOR = { Xiangpeng Wei and Yue Hu and Luxi Xing and Li Gao },
SORTNAME = { Xiangpeng Wei and Yue Hu and Luxi Xing and Li Gao },
TITLE = { Unsupervised Neural Machine Translation with Future Rewarding },
}
@INPROCEEDINGS{ CONLL-461,
AUTHOR = { Rene Knaebel and Manfred Stede and Sebastian Stober },
SORTNAME = { Rene Knaebel and Manfred Stede and Sebastian Stober },
TITLE = { Window-Based Neural Tagging for Shallow Discourse Argument Labeling },
}
@INPROCEEDINGS{ CONLL-132,
AUTHOR = { Yi Zhu and Benjamin Heinzerling and Ivan Vulić and Michael Strube and Roi Reichart and Anna Korhonen },
SORTNAME = { Yi Zhu and Benjamin Heinzerling and Ivan Vulic and Michael Strube and Roi Reichart and Anna Korhonen },
TITLE = { On the Importance of Subword Information for Morphological Tasks in Truly Low-Resource Languages },
}
@INPROCEEDINGS{ CONLL-200,
AUTHOR = { Wentao Ma and Yiming Cui and Shao Nan and Su He and Wei-Nan Zhang and Ting Liu and Shijin Wang and Guoping Hu },
SORTNAME = { Wentao Ma and Yiming Cui and Shao Nan and Su He and Wei-Nan Zhang and Ting Liu and Shijin Wang and Guoping Hu },
TITLE = { TripleNet: Triple Attention Network for Multi-Turn Response Selection in Retrieval-based Chatbots },
}
@INPROCEEDINGS{ CONLL-290,
AUTHOR = { Guy D. Rosin and Kira Radinsky },
SORTNAME = { Guy D. Rosin and Kira Radinsky },
TITLE = { Generating Timelines by Modeling Semantic Change },
}
@INPROCEEDINGS{ CONLL-37,
AUTHOR = { Mahmoud Azab and Noriyuki Kojima and Jia Deng and Rada Mihalcea },
SORTNAME = { Mahmoud Azab and Noriyuki Kojima and Jia Deng and Rada Mihalcea },
TITLE = { Representing Movie Characters in Dialogues },
}
@INPROCEEDINGS{ CONLL-35,
AUTHOR = { Ashraf Mahgoub and Youssef Shahin and Riham Mansour and Saurabh Bagchi },
SORTNAME = { Ashraf Mahgoub and Youssef Shahin and Riham Mansour and Saurabh Bagchi },
TITLE = { Similarity-based Vectors for Utterance Representation in Conversational AI Systems },
}
@INPROCEEDINGS{ CONLL-381,
AUTHOR = { Abhilasha Ravichander and Aakanksha Naik and Carolyn Rose and Eduard Hovy },
SORTNAME = { Abhilasha Ravichander and Aakanksha Naik and Carolyn Rose and Eduard Hovy },
TITLE = { EQUATE : A Benchmark Evaluation Framework for Quantitative Reasoning in Natural Language Inference },
}
@INPROCEEDINGS{ CONLL-489,
AUTHOR = { Kyle Gorman and Arya D. McCarthy and Ryan Cotterell and Ekaterina Vylomova and Miikka Silfverberg and Magdalena Markowska },
SORTNAME = { Kyle Gorman and Arya D. McCarthy and Ryan Cotterell and Ekaterina Vylomova and Miikka Silfverberg and Magdalena Markowska },
TITLE = { A Linguist Reads the Output of the CoNLL-SIGMORPHON 2017 Shared Task },
}
@INPROCEEDINGS{ CONLL-319,
AUTHOR = { Stephen Mayhew and Snigdha Chaturvedi and Chen-Tse Tsai and Dan Roth },
SORTNAME = { Stephen Mayhew and Snigdha Chaturvedi and Chen-Tse Tsai and Dan Roth },
TITLE = { Named Entity Recognition with Partially Annotated Training Data },
}
@INPROCEEDINGS{ CONLL-337,
AUTHOR = { Tushaar Gangavarapu and Gokul S Krishnan and Sowmya S Kamath },
SORTNAME = { Tushaar Gangavarapu and Gokul S Krishnan and Sowmya S Kamath },
TITLE = { Coherence-based Modeling of Clinical Concepts Inferred from Heterogeneous Clinical Notes for ICU Patient Risk Stratification },
}
@INPROCEEDINGS{ CONLL-316,
AUTHOR = { Kevin Huang and Yun Tang and Jing Huang and Xiaodong He and Bowen Zhou },
SORTNAME = { Kevin Huang and Yun Tang and Jing Huang and Xiaodong He and Bowen Zhou },
TITLE = { Relation Module for Non-answerable Predictions on Reading Comprehension },
}
@INPROCEEDINGS{ CONLL-338,
AUTHOR = { Meryem M'hamdi and Marjorie Freedman and Jonathan May },
SORTNAME = { Meryem M'hamdi and Marjorie Freedman and Jonathan May },
TITLE = { Contextualized Cross-Lingual Event Trigger Extraction with Minimal Resources },
}
@INPROCEEDINGS{ CONLL-256,
AUTHOR = { Jin Sakuma and Naoki Yoshinaga },
SORTNAME = { Jin Sakuma and Naoki Yoshinaga },
TITLE = { Multilingual Model Using Cross-task Embedding Projection },
}
@INPROCEEDINGS{ CONLL-255,
AUTHOR = { Tomasz Stanislawek and Anna Wróblewska and Alicja Wójcicka and Daniel Ziembicki and Przemyslaw Biecek },
SORTNAME = { Tomasz Stanislawek and Anna Wroblewska and Alicja Wojcicka and Daniel Ziembicki and Przemyslaw Biecek },
TITLE = { Named Entity Recognition - Is There a Glass Ceiling? },
}
@INPROCEEDINGS{ CONLL-170,
AUTHOR = { Lei Li and Wei Liu and Marina Litvak and Natalia Vanetik and Zuying Huang },
SORTNAME = { Lei Li and Wei Liu and Marina Litvak and Natalia Vanetik and Zuying Huang },
TITLE = { In Conclusion Not Repetition: Comprehensive Abstractive Summarization with Diversified Attention Based on Determinantal Point Processes },
}
@INPROCEEDINGS{ CONLL-122,
AUTHOR = { Jakob Prange and Nathan Schneider and Omri Abend },
SORTNAME = { Jakob Prange and Nathan Schneider and Omri Abend },
TITLE = { Made for Each Other: Broad-coverage Semantic Structures Meet Preposition Supersenses },
}
@INPROCEEDINGS{ CONLL-376,
AUTHOR = { Daniel Gillick and Sayali Kulkarni and Larry Lansing and Alessandro Presta and Jason Baldridge and Eugene Ie and Diego Garcia-Olano },
SORTNAME = { Daniel Gillick and Sayali Kulkarni and Larry Lansing and Alessandro Presta and Jason Baldridge and Eugene Ie and Diego Garcia-Olano },
TITLE = { Learning Dense Representations for Entity Retrieval },
}
@INPROCEEDINGS{ CONLL-190,
AUTHOR = { Jan Kocoń and Piotr Miłkowski and Monika Zaśko-Zielińska },
SORTNAME = { Jan Kocon and Piotr Miłkowski and Monika Zasko-Zielinska },
TITLE = { Multi-Level Sentiment Analysis of PolEmo 2.0: Extended Corpus of Multi-Domain Consumer Reviews },
}
@INPROCEEDINGS{ CONLL-124,
AUTHOR = { Andreas Hanselowski and Christian Stab and Claudia Schulz and Zile Li and Iryna Gurevych },
SORTNAME = { Andreas Hanselowski and Christian Stab and Claudia Schulz and Zile Li and Iryna Gurevych },
TITLE = { A Richly Annotated Corpus for Different Tasks in Automated Fact-Checking },
}
@INPROCEEDINGS{ CONLL-280,
AUTHOR = { Gavin Abercrombie and Federico Nanni and Riza Batista-Navarro and Simone Paolo Ponzetto },
SORTNAME = { Gavin Abercrombie and Federico Nanni and Riza Batista-Navarro and Simone Paolo Ponzetto },
TITLE = { Policy Preference Detection in Parliamentary Debate Motions },
}
@INPROCEEDINGS{ CONLL-41,
AUTHOR = { Xuewen Shi and Heyan Huang and Wenguan Wang and Ping Jian and Yi-Kun Tang },
SORTNAME = { Xuewen Shi and Heyan Huang and Wenguan Wang and Ping Jian and Yi-Kun Tang },
TITLE = { Improving Neural Machine Translation by Achieving Knowledge Transfer with Sentence Alignment Learning },
}
@INPROCEEDINGS{ CONLL-401,
AUTHOR = { Atanas Atanasov and Gianmarco De Francisci Morales and Preslav Nakov },
SORTNAME = { Atanas Atanasov and Gianmarco De Francisci Morales and Preslav Nakov },
TITLE = { Understanding the Role of Political Trolls in Social Media },
}
@INPROCEEDINGS{ CONLL-32,
AUTHOR = { Shubhra Kanti Karmaker Santu and Kalyan Veeramachaneni and Chengxiang Zhai },
SORTNAME = { Shubhra Kanti Karmaker Santu and Kalyan Veeramachaneni and Chengxiang Zhai },
TITLE = { Neural Language Models with Evolving Topical Influence },
}
@INPROCEEDINGS{ CONLL-447,
AUTHOR = { Joseph Le Roux and Antoine Rozenknop and Mathieu Lacroix },
SORTNAME = { Joseph Le Roux and Antoine Rozenknop and Mathieu Lacroix },
TITLE = { Representation Learning and Dynamic Programming for Arc-Hybrid Parsing },
}
@INPROCEEDINGS{ CONLL-19,
AUTHOR = { Ikuya Yamada and Hiroyuki Shindo },
SORTNAME = { Ikuya Yamada and Hiroyuki Shindo },
TITLE = { Neural Attentive Bag-of-Entities Model for Text Classification },
}
@INPROCEEDINGS{ CONLL-307,
AUTHOR = { Rana Alshaikh and Zied Bouraoui and Steven Schockaert },
SORTNAME = { Rana Alshaikh and Zied Bouraoui and Steven Schockaert },
TITLE = { Learning Conceptual Spaces with Disentangled Facets },
}
@INPROCEEDINGS{ CONLL-285,
AUTHOR = { Grusha Prasad and Marten van Schijndel and Tal Linzen },
SORTNAME = { Grusha Prasad and Marten van Schijndel and Tal Linzen },
TITLE = { Using Priming to Uncover the Organization of Syntactic Representations in Neural Language Models },
}
@INPROCEEDINGS{ CONLL-181,
AUTHOR = { Mengting Hu and Shiwan Zhao and Honglei Guo and Renhong Cheng and Zhong Su },
SORTNAME = { Mengting Hu and Shiwan Zhao and Honglei Guo and Renhong Cheng and Zhong Su },
TITLE = { Learning to Detect Opinion Snippet for Aspect-Based Sentiment Analysis },
}
@INPROCEEDINGS{ CONLL-359,
AUTHOR = { Justin Dieter and Tian Wang and Arun Chaganty and Gabor Angeli and Angel Chang },
SORTNAME = { Justin Dieter and Tian Wang and Arun Chaganty and Gabor Angeli and Angel Chang },
TITLE = { Mimic and Rephrase: Reflective Listening in Open-ended Dialogue },
}
@INPROCEEDINGS{ CONLL-366,
AUTHOR = { Wasi Ahmad and Zhisong Zhang and Xuezhe Ma and Kai-Wei Chang and Nanyun Peng },
SORTNAME = { Wasi Ahmad and Zhisong Zhang and Xuezhe Ma and Kai-Wei Chang and Nanyun Peng },
TITLE = { Cross-lingual Dependency Parsing with Unlabeled Auxiliary Languages },
}
@INPROCEEDINGS{ CONLL-262,
AUTHOR = { Abigail See and Aneesh Pappu and Rohun Saxena and Akhila Yerukola and Christopher D. Manning },
SORTNAME = { Abigail See and Aneesh Pappu and Rohun Saxena and Akhila Yerukola and Christopher D. Manning },
TITLE = { Do Massively Pretrained Language Models Make Better Storytellers? },
}
@INPROCEEDINGS{ CONLL-347,
AUTHOR = { Jaap Jumelet and Willem Zuidema and Dieuwke Hupkes },
SORTNAME = { Jaap Jumelet and Willem Zuidema and Dieuwke Hupkes },
TITLE = { Analysing Neural Language Models: Contextual Decomposition Reveals Default Reasoning in Number and Gender Assignment },
}
@INPROCEEDINGS{ CONLL-82,
AUTHOR = { Genta Indra Winata and Andrea Madotto and Chien-Sheng Wu and Pascale Fung },
SORTNAME = { Genta Indra Winata and Andrea Madotto and Chien-Sheng Wu and Pascale Fung },
TITLE = { Code-Switched Language Models Using Neural Based Synthetic Data from Parallel Sentences },
}
@INPROCEEDINGS{ CONLL-172,
AUTHOR = { Raphael Schumann and Ines Rehbein },
SORTNAME = { Raphael Schumann and Ines Rehbein },
TITLE = { Active Learning via Membership Query Synthesis for Semi-supervised Sentence Classification },
}
@INPROCEEDINGS{ CONLL-416,
AUTHOR = { Rujun Han and I-Hung Hsu and Mu Yang and Aram Galstyan and Ralph Weischedel and Nanyun Peng },
SORTNAME = { Rujun Han and I-Hung Hsu and Mu Yang and Aram Galstyan and Ralph Weischedel and Nanyun Peng },
TITLE = { Deep Structured Neural Network for Event Temporal Relation Extraction },
}
@INPROCEEDINGS{ CONLL-83,
AUTHOR = { Haoyu Zhang and Jingjing Cai and Jianjun Xu and Ji Wang },
SORTNAME = { Haoyu Zhang and Jingjing Cai and Jianjun Xu and Ji Wang },
TITLE = { Pretraining-Based Natural Language Generation for Text Summarization },
}
@INPROCEEDINGS{ CONLL-169,
AUTHOR = { Mingqing Chen and Ananda Theertha Suresh and Rajiv Mathews and Adeline Wong and Cyril Allauzen and Françoise Beaufays and Michael Riley },
SORTNAME = { Mingqing Chen and Ananda Theertha Suresh and Rajiv Mathews and Adeline Wong and Cyril Allauzen and Francoise Beaufays and Michael Riley },
TITLE = { Federated Learning of N-gram Language Models },
}
@INPROCEEDINGS{ CONLL-185,
AUTHOR = { Tapas Nayak and Hwee Tou Ng },
SORTNAME = { Tapas Nayak and Hwee Tou Ng },
TITLE = { Effective Attention Modeling for Neural Relation Extraction },
}
