@INPROCEEDINGS{ AnnoNLP-9,
AUTHOR = { Jiyi Li and Fumiyo Fukumoto },
SORTNAME = { Jiyi Li and Fumiyo Fukumoto },
TITLE = { A Dataset of Crowdsourced Word Sequences: Collections and Answer Aggregation for Ground Truth Creation },
}
@INPROCEEDINGS{ AnnoNLP-4,
AUTHOR = { Tamar Lavee and Lili Kotlerman and Matan Orbach and Yonatan Bilu and Michal Jacovi and Ranit Aharonov and Noam Slonim },
SORTNAME = { Tamar Lavee and Lili Kotlerman and Matan Orbach and Yonatan Bilu and Michal Jacovi and Ranit Aharonov and Noam Slonim },
TITLE = { Crowd-sourcing annotation of complex NLU tasks: A case study of argumentative content annotation },
}
@INPROCEEDINGS{ AnnoNLP-5,
AUTHOR = { Stephen Tratz },
SORTNAME = { Stephen Tratz },
TITLE = { Dependency Tree Annotation with Mechanical Turk },
}
@INPROCEEDINGS{ AnnoNLP-16,
AUTHOR = { Camiel Colruyt and Orphée De Clercq and Véronique Hoste },
SORTNAME = { Camiel Colruyt and Orphee De Clercq and Veronique Hoste },
TITLE = { Leveraging syntactic parsing to improve event annotation matching },
}
@INPROCEEDINGS{ AnnoNLP-17,
AUTHOR = { Seungwon Yoon and Wonsuk Yang and Jong Park },
SORTNAME = { Seungwon Yoon and Wonsuk Yang and Jong Park },
TITLE = { Computer Assisted Annotation of Tension Development in TED Talks through Crowdsourcing },
}
@INPROCEEDINGS{ AnnoNLP-3,
AUTHOR = { Masayuki Asahara },
SORTNAME = { Masayuki Asahara },
TITLE = { Word Familiarity Rate Estimation Using a Bayesian Linear Mixed Model },
}
@INPROCEEDINGS{ AnnoNLP-15,
AUTHOR = { Sanket Shah and Pratik Joshi and Sebastin Santy and Sunayana Sitaram },
SORTNAME = { Sanket Shah and Pratik Joshi and Sebastin Santy and Sunayana Sitaram },
TITLE = { CoSSAT: Code-Switched Speech Annotation Tool },
}
