@INPROCEEDINGS{tutorial-final-001,
   AUTHOR = {He, He and Smola, Alexander},
   SORTNAME = {He, He and Smola, Alexander},
   TITLE = {Dive into Deep Learning for Natural Language Processing}}
@INPROCEEDINGS{tutorial-final-002,
   AUTHOR = {Choudhury, Monojit and Bali, Kalika},
   SORTNAME = {Choudhury, Monojit and Bali, Kalika},
   TITLE = {Processing and Understanding Mixed Language Data}}
@INPROCEEDINGS{tutorial-final-003,
   AUTHOR = {Wen, Tsung-Hsien and Su, Pei-Hao and Budzianowski, Paweł and Casanueva, Iñigo and Vulić, Ivan}, 
   SORTNAME= {Wen, Tsung-Hsien and Su, Pei-Hao and Budzianowski, Paweł and Casanueva, Iñigo and Vulić, Ivan}, 
   TITLE = {Data Collection and End-to-End Learning for Conversational AI}}
@INPROCEEDINGS{tutorial-final-004,
   AUTHOR = {Chang, Kai-Wei and Mitchell, Margaret and Ordonez, Vicente},
   SORTNAME = {Chang, Kai-Wei and Mitchell, Margaret and Ordonez, Vicente},
   TITLE = {Bias and Fairness in Natural Language Processing}}
@INPROCEEDINGS{tutorial-final-005,
   AUTHOR = {Mou, Lili and Zhou, Hao and Li, Lei},
   SORTNAME= {Mou, Lili and Zhou, Hao and Li, Lei},
   TITLE = {Discreteness in Neural Natural Language Processing}}
@INPROCEEDINGS{tutorial-final-006,
   AUTHOR = {Vashishth, Shikhar and Yadati, Naganand and Talukdar, Partha},
   SORTNAME = {Vashishth, Shikhar and Yadati, Naganand and Talukdar, Partha},
   TITLE = {Graph-based Deep Learning in Natural Language Processing}}
@INPROCEEDINGS{tutorial-final-007,
   AUTHOR = {Glavaś, Goran and Ponti, Edoardo Maria and Vulić, Ivan},
   SORTNAME = {Glavaś, Goran and Ponti, Edoardo Maria and Vulić, Ivan},
   TITLE = {Semantic Specialization of Distributional Word Vectors}}
