@INPROCEEDINGS{ COIN-21,
AUTHOR = { Chunhua Liu and Dong Yu },
SORTNAME = { Chunhua Liu and Dong Yu },
TITLE = { BLCU-NLP at COIN-Shared Task1: Stagewise Fine-tuning BERT for Commonsense Inference in Everyday Narrations },
}
@INPROCEEDINGS{ COIN-11,
AUTHOR = { Kaixin Ma, Jonathan Francis, Quanyang Lu, Eric Nyberg and Alessandro Oltramari },
SORTNAME = { Kaixin Ma, Jonathan Francis, Quanyang Lu, Eric Nyberg and Alessandro Oltramari },
TITLE = { Towards Generalizable Neuro-Symbolic Systems for Commonsense Question Answering },
}
@INPROCEEDINGS{ COIN-14,
AUTHOR = { Hirokazu Kiyomaru, Kazumasa Omura, Yugo Murawaki, Daisuke Kawahara and Sadao Kurohashi },
SORTNAME = { Hirokazu Kiyomaru, Kazumasa Omura, Yugo Murawaki, Daisuke Kawahara and Sadao Kurohashi },
TITLE = { Diversity-aware Event Prediction based on a Conditional Variational Autoencoder with Reconstruction },
}
@INPROCEEDINGS{ COIN-18,
AUTHOR = { Jeff Da },
SORTNAME = { Jeff Da },
TITLE = { Jeff Da at COIN - Shared Task },
}
@INPROCEEDINGS{ COIN-9,
AUTHOR = { Prakhar Sharma and Sumegh Roychowdhury },
SORTNAME = { Prakhar Sharma and Sumegh Roychowdhury },
TITLE = { IIT-KGP at COIN 2019: Using pre-trained Language Models for modeling Machine Comprehension },
}
@INPROCEEDINGS{ COIN-2,
AUTHOR = { Pengcheng He, Xiaodong Liu, Weizhu Chen and Jianfeng Gao },
SORTNAME = { Pengcheng He, Xiaodong Liu, Weizhu Chen and Jianfeng Gao },
TITLE = { A Hybrid Neural Network Model for Commonsense Reasoning },
}
@INPROCEEDINGS{ COIN-4,
AUTHOR = { Ndapa Nakashole },
SORTNAME = { Ndapa Nakashole },
TITLE = { Commonsense about Human Senses: Labeled Data Collection Processes },
}
@INPROCEEDINGS{ COIN-23,
AUTHOR = { Simon Ostermann, Sheng Zhang, Michael Roth and Peter Clark },
SORTNAME = { Simon Ostermann, Sheng Zhang, Michael Roth and Peter Clark },
TITLE = { Commonsense Inference in Natural Language Processing (COIN) - Shared Task Report },
}
@INPROCEEDINGS{ COIN-7,
AUTHOR = { Jeff Da and Jungo Kasai },
SORTNAME = { Jeff Da and Jungo Kasai },
TITLE = { Understanding Commonsense Inference Aptitude of Deep Contextual Representations },
}
@INPROCEEDINGS{ COIN-16,
AUTHOR = { Ian Porada, Kaheer Suleman and Jackie Chi Kit Cheung },
SORTNAME = { Ian Porada, Kaheer Suleman and Jackie Chi Kit Cheung },
TITLE = { Can a Gorilla Ride a Camel? Learning Semantic Plausibility from Text },
}
@INPROCEEDINGS{ COIN-17,
AUTHOR = { Aliaksandr Huminski, Yan Bin Ng, Kenneth Kwok and Francis Bond },
SORTNAME = { Aliaksandr Huminski, Yan Bin Ng, Kenneth Kwok and Francis Bond },
TITLE = { Commonsense inference in human-robot communication },
}
@INPROCEEDINGS{ COIN-15,
AUTHOR = { Pranav Goel, Shi Feng and Jordan Boyd-Graber },
SORTNAME = { Pranav Goel, Shi Feng and Jordan Boyd-Graber },
TITLE = { How Pre-trained Word Representations Capture Commonsense Physical Comparisons },
}
@INPROCEEDINGS{ COIN-8,
AUTHOR = { Yash Jain and Chinmay Singh },
SORTNAME = { Yash Jain and Chinmay Singh },
TITLE = { KARNA at COIN Shared Task 1: Bidirectional Encoder Representations from Transformers with relational knowledge for machine comprehension with common sense },
}
@INPROCEEDINGS{ COIN-19,
AUTHOR = { Xiepeng Li, Zhexi Zhang, Wei Zhu, Zheng Li, Yuan Ni, Peng Gao, Junchi Yan and Guotong Xie },
SORTNAME = { Xiepeng Li, Zhexi Zhang, Wei Zhu, Zheng Li, Yuan Ni, Peng Gao, Junchi Yan and Guotong Xie },
TITLE = { Pingan Smart Health and SJTU at COIN - Shared Task: utilizing Pre-trained Language Models and Common-sense Knowledge in Machine Reading Tasks },
}
@INPROCEEDINGS{ COIN-13,
AUTHOR = { Sebastian Thiem and Peter Jansen },
SORTNAME = { Sebastian Thiem and Peter Jansen },
TITLE = { Extracting Common Inference Patterns from Semi-Structured Explanations },
}
@INPROCEEDINGS{ COIN-22,
AUTHOR = { Pride Kavumba, Naoya Inoue, Benjamin Heinzerling, Keshav Singh, Paul Reisert and Kentaro Inui },
SORTNAME = { Pride Kavumba, Naoya Inoue, Benjamin Heinzerling, Keshav Singh, Paul Reisert and Kentaro Inui },
TITLE = { When Choosing Plausible Alternatives, Clever Hans can be Clever },
}
