@INPROCEEDINGS{workshop1,
  title={The Conference on Computational Natural Language Learning},
  author= {Bansal, Mohit and Villavicencio, Aline},
  sortname= {Bansal, Mohit and Villavicencio, Aline}
}
@INPROCEEDINGS{workshop2,
  title={Second Workshop on Fact Extraction and VERification},
  author= {Thorne, James and Vlachos, Andreas and Cocarascu, Oana and Christodoulopoulos, Christos and Mittal, Arpit},
  sortname= {Thorne, James and Vlachos, Andreas and Cocarascu, Oana and Christodoulopoulos, Christos and Mittal, Arpit}
}
@INPROCEEDINGS{workshop3,
  title={Discourse in Machine Translation},
  author= {Hardmeier, Christian and Loáiciga, Sharid and Popescu-Belis, Andrei and Xiong, Deyi},
  sortname= {Hardmeier, Christian and Loáiciga, Sharid and Popescu-Belis, Andrei and Xiong, Deyi}
}
@INPROCEEDINGS{workshop4,
  title={Beyond Vision and Language: Integrating Knowledge from the Real World},
  author= {Mogadala, Aditya and Klakow, Dietrich and Pezzelle, Sandro and Moens, Marie-Francine},
  sortname= {Mogadala, Aditya and Klakow, Dietrich and Pezzelle, Sandro and Moens, Marie-Francine}
}
@INPROCEEDINGS{workshop5,
  title={The Second Workshop on Multilingual Surface Realization},
  author= {Mille, Simon and Belz, Anya and Bohnet, Bernd and Graham, Yvette and Wanner, Leo},
  sortname= {Mille, Simon and Belz, Anya and Bohnet, Bernd and Graham, Yvette and Wanner, Leo}
}
@INPROCEEDINGS{workshop6,
  title={The Tenth International Workshop on Health Text Mining and Information Analysis},
  author= {Lavelli, Alberto and Pustejovsky, James and Holderness, Eben and Jimeno Yepes, Antonio and Minard, Anne-Lyse and Rinaldi, Fabio},
  sortname= {Lavelli, Alberto and Pustejovsky, James and Holderness, Eben and Jimeno Yepes, Antonio and Minard, Anne-Lyse and Rinaldi, Fabio}
}
@INPROCEEDINGS{workshop7,
  title={Deep Learning for Low-Resource Natural Language Processing},
  author= {Cherry, Colin and Durrett, Greg and Foster, George and Haffari, Gholamreza and Khadivi, Shahram and Peng, Nanyun and Ren, Xiang and Swayamdipta, Swabha},
  sortname= {Cherry, Colin and Durrett, Greg and Foster, George and Haffari, Gholamreza and Khadivi, Shahram and Peng, Nanyun and Ren, Xiang and Swayamdipta, Swabha}
}
@INPROCEEDINGS{workshop8,
  title={COmmonsense INference in NLP},
  author= {Clark, Peter and Ostermann, Simon and Roth, Michael and Zhang, Sheng},
  sortname= {Clark, Peter and Ostermann, Simon and Roth, Michael and Zhang, Sheng}
}
@INPROCEEDINGS{workshop9,
  title={Aggregating and analysing crowdsourced annotations for NLP},
  author= {Paun, Silviu and Hovy, Dirk},
  sortname= {Paun, Silviu and Hovy, Dirk}
}
@INPROCEEDINGS{workshop10,
  title={The 2nd Workshop on Machine Reading for Question Answering},
  author= {Chen, Danqi and Choi, Eunsol and Fisch, Adam and Jia, Robin and Seo, Minjoon and Talmor, Alon},
  sortname= {Chen, Danqi and Choi, Eunsol and Fisch, Adam and Jia, Robin and Seo, Minjoon and Talmor, Alon}
}
@INPROCEEDINGS{workshop11,
  title={International Workshop on BioNLP Open Shared Tasks},
  author= {Kim, Jin-Dong and Nédellec, Claire and Bossy, Robert and Deléger, Louise},
  sortname= {Kim, Jin-Dong and Nédellec, Claire and Bossy, Robert and Deléger, Louise}
}
@INPROCEEDINGS{workshop12,
  title={The 3rd Workshop on Neural Generation and Translation},
  author= {Birch, Alexandra and Constas, Yannis and Hayashi, Hiroaki and Finch, Andrew and Luong, Thang and Neubig, Graham and Oda, Yusuke and Sudoh, Katsuhito},
  sortname= {Birch, Alexandra and Constas, Yannis and Hayashi, Hiroaki and Finch, Andrew and Luong, Thang and Neubig, Graham and Oda, Yusuke and Sudoh, Katsuhito}
}
@INPROCEEDINGS{workshop13,
  title={The 5th Workshop on Noisy User-generated Text},
  author= {Ritter, Alan and Xu, Wei and Baldwin, Tim and Rahimi, Afshin},
  sortname= {Ritter, Alan and Xu, Wei and Baldwin, Tim and Rahimi, Afshin}
}
@INPROCEEDINGS{workshop14,
  title={The Workshop on New Frontiers in Summarization},
  author= {Wang, Lu and Carenini, Giuseppe and Chi Kit Cheung, Jackie and Liu, Fei},
  sortname= {Wang, Lu and Carenini, Giuseppe and Chi Kit Cheung, Jackie and Liu, Fei}
}
@INPROCEEDINGS{workshop15,
  title={Graph-based Methods for Natural Language Processing},
  author= {Ustalov, Dmitry and Somasundaran, Swapna and Jansen, Peter and Glavas, Goran and Riedl, Martin and Surdeanu, Mihai and Vazirgiannis, Michalis},
  sortname= {Ustalov, Dmitry and Somasundaran, Swapna and Jansen, Peter and Glavas, Goran and Riedl, Martin and Surdeanu, Mihai and Vazirgiannis, Michalis}
}
@INPROCEEDINGS{workshop16,
  title={The 6th Workshop on Asian Translation},
  author= {Nakazawa, Toshiaki and Ding, Chenchen and Dabre, Raj and Kunchukuttan, Anoop and Pa Pa, Win and Doi, Nobushige and Oda, Yusuke and Bojar, Ondřej and Parida, Shantipriya and Goto, Isao and Mino, Hidaya and Manabe, Hiroshi and Sudoh, Katsuhito and Kurohashi, Sadao and Bhattacharyya, Pushpak},
  sortname= {Nakazawa, Toshiaki and Ding, Chenchen and Dabre, Raj and Kunchukuttan, Anoop and Pa Pa, Win and Doi, Nobushige and Oda, Yusuke and Bojar, Ondřej and Parida, Shantipriya and Goto, Isao and Mino, Hidaya and Manabe, Hiroshi and Sudoh, Katsuhito and Kurohashi, Sadao and Bhattacharyya, Pushpak}
}
@INPROCEEDINGS{workshop17,
  title={The 2nd Workshop on Economics and Natural Language Processing},
  author= {Hahn, Udo and Hoste, Véronique and Zhang, Zhu},
  sortname= {Hahn, Udo and Hoste, Véronique and Zhang, Zhu}
}
@INPROCEEDINGS{workshop18,
  title={NLP for Freedom: Censorship, Disinformation, and Propaganda },
  author= {Da San Martino, Giovanni and Barrón-Cedeño, Alberto and Brew, Chris and Feldman, Anna and Leberknight, Chris and Nakov, Preslav},
  sortname= {Da San Martino, Giovanni and Barrón-Cedeño, Alberto and Brew, Chris and Feldman, Anna and Leberknight, Chris and Nakov, Preslav}
}
