@INPROCEEDINGS{ BioNLP-1,
AUTHOR = { Pilar López Úbeda, Manuel Carlos Díaz Galiano, L. Alfonso Urena Lopez and Maite Martin },
SORTNAME = { Pilar Lopez Ubeda, Manuel Carlos Diaz Galiano, L. Alfonso Urena Lopez and Maite Martin },
TITLE = { Using Snomed to recognize and index chemical and drug mentions. },
}
@INPROCEEDINGS{ BioNLP-12,
AUTHOR = { Pan Deng, Haipeng Chen, Mengyao Huang, Xiaowen Ruan and Liang Xu },
SORTNAME = { Pan Deng, Haipeng Chen, Mengyao Huang, Xiaowen Ruan and Liang Xu },
TITLE = { An ensemble CNN method for biomedical entity normalization },
}
@INPROCEEDINGS{ BioNLP-11,
AUTHOR = { Fernando Sánchez-León and Ana González-Ledesma },
SORTNAME = { Fernando Sanchez-Leon and Ana Gonzalez-Ledesma },
TITLE = { Annotating and normalizing biomedical NEs with limited knowledge },
}
@INPROCEEDINGS{ BioNLP-33,
AUTHOR = { Jihang Mao and Wanli Liu },
SORTNAME = { Jihang Mao and Wanli Liu },
TITLE = { Integration of Deep Learning and Traditional Machine Learning for Knowledge Extraction from Biomedical Literature },
}
@INPROCEEDINGS{ BioNLP-34,
AUTHOR = { Cong Sun and Zhihao Yang },
SORTNAME = { Cong Sun and Zhihao Yang },
TITLE = { Transfer Learning in Biomedical Named Entity Recognition: An Evaluation of BERT in the PharmaCoNER task },
}
@INPROCEEDINGS{ BioNLP-26,
AUTHOR = { Lenz Furrer, Joseph Cornelius and Fabio Rinaldi },
SORTNAME = { Lenz Furrer, Joseph Cornelius and Fabio Rinaldi },
TITLE = { UZH\@CRAFT-ST: a Sequence-labeling Approach to Concept Recognition },
}
@INPROCEEDINGS{ BioNLP-9,
AUTHOR = { Radu Ion, Vasile Florian Păiș and Maria Mitrofan },
SORTNAME = { Radu Ion, Vasile Florian Pais and Maria Mitrofan },
TITLE = { RACAI’s System at PharmaCoNER 2019 },
}
@INPROCEEDINGS{ BioNLP-2,
AUTHOR = { Manuel Stoeckel, Wahed Hemati and Alexander Mehler },
SORTNAME = { Manuel Stoeckel, Wahed Hemati and Alexander Mehler },
TITLE = { When Specialization Helps: Using Pooled Contextualized Embeddings to Detect Chemical and Biomedical Entities in Spanish },
}
@INPROCEEDINGS{ BioNLP-31,
AUTHOR = { Mohammad Golam Sohrab, Minh Thang Pham, Makoto Miwa and Hiroya Takamura },
SORTNAME = { Mohammad Golam Sohrab, Minh Thang Pham, Makoto Miwa and Hiroya Takamura },
TITLE = { A Neural Pipeline Approach for the PharmaCoNER Shared Task using Contextual Exhaustive Models },
}
@INPROCEEDINGS{ BioNLP-4,
AUTHOR = { Xabier Lahuerta, Iakes Goenaga, Koldo Gojenola, Aitziber Atutxa Salazar and Maite Oronoz },
SORTNAME = { Xabier Lahuerta, Iakes Goenaga, Koldo Gojenola, Aitziber Atutxa Salazar and Maite Oronoz },
TITLE = { IxaMed at PharmacoNER Challenge 2019 },
}
@INPROCEEDINGS{ BioNLP-36,
AUTHOR = { Pankaj Gupta, Yatin Chaudhary and Hinrich Schütze },
SORTNAME = { Pankaj Gupta, Yatin Chaudhary and Hinrich Schutze },
TITLE = { BioNLP-OST 2019 RDoC Tasks: Multi-grain Neural Relevance Ranking Using Topics and Attention Based Query-Document-Sentence Interactions },
}
@INPROCEEDINGS{ BioNLP-23,
AUTHOR = { Kai Hakala and Sampo Pyysalo },
SORTNAME = { Kai Hakala and Sampo Pyysalo },
TITLE = { Biomedical Named Entity Recognition with Multilingual BERT },
}
@INPROCEEDINGS{ BioNLP-38,
AUTHOR = { Aitor Gonzalez Agirre, Montserrat Marimon, Ander Intxaurrondo, Obdulia Rabal, Marta Villegas and Martin Krallinger },
SORTNAME = { Aitor Gonzalez Agirre, Montserrat Marimon, Ander Intxaurrondo, Obdulia Rabal, Marta Villegas and Martin Krallinger },
TITLE = { PharmaCoNER: Pharmacological Substances, Compounds and proteins Named Entity Recognition track },
}
@INPROCEEDINGS{ BioNLP-5,
AUTHOR = { Lukas Lange, Heike Adel and Jannik Strötgen },
SORTNAME = { Lukas Lange, Heike Adel and Jannik Strotgen },
TITLE = { NLNDE: Enhancing Neural Sequence Taggers with Attention and Noisy Channel for Robust Pharmacological Entity Detection },
}
@INPROCEEDINGS{ BioNLP-7,
AUTHOR = { Ying Xiong, Yedan Shen, Yuanhang Huang, Shuai Chen, Buzhou Tang, Xiaolong Wang, Qingcai Chen, Jun Yan and Yi Zhou },
SORTNAME = { Ying Xiong, Yedan Shen, Yuanhang Huang, Shuai Chen, Buzhou Tang, Xiaolong Wang, Qingcai Chen, Jun Yan and Yi Zhou },
TITLE = { A Deep Learning-Based System for PharmaCoNER },
}
@INPROCEEDINGS{ BioNLP-17,
AUTHOR = { Robert Bossy, Louise Deléger, Estelle Chaix, Mouhamadou Ba and Claire Nédellec },
SORTNAME = { Robert Bossy, Louise Deleger, Estelle Chaix, Mouhamadou Ba and Claire Nedellec },
TITLE = { Bacteria Biotope at BioNLP Open Shared Tasks 2019 },
}
@INPROCEEDINGS{ BioNLP-3,
AUTHOR = { Víctor Suárez-Paniagua },
SORTNAME = { Victor Suarez-Paniagua },
TITLE = { VSP at PharmaCoNER 2019: Recognition of Pharmacological Substances, Compounds and Proteins with Recurrent Neural Networks in Spanish Clinical Cases },
}
@INPROCEEDINGS{ BioNLP-37,
AUTHOR = { İlknur Karadeniz, Ömer Faruk Tuna and Arzucan Özgür },
SORTNAME = { Ilknur Karadeniz, Omer Faruk Tuna and Arzucan Ozgur },
TITLE = { BOUN-ISIK Participation: An Unsupervised Approach for the Named Entity Normalization and Relation Extraction of Bacteria Biotopes },
}
@INPROCEEDINGS{ BioNLP-30,
AUTHOR = { William Baumgartner, Michael Bada, Sampo Pyysalo, Manuel R. Ciosici, Negacy Hailu, Harrison Pielke-Lombardo, Michael Regan and Lawrence Hunter },
SORTNAME = { William Baumgartner, Michael Bada, Sampo Pyysalo, Manuel R. Ciosici, Negacy Hailu, Harrison Pielke-Lombardo, Michael Regan and Lawrence Hunter },
TITLE = { CRAFT Shared Tasks 2019 Overview --- Integrated Structure, Semantics, and Coreference },
}
@INPROCEEDINGS{ BioNLP-35,
AUTHOR = { Pankaj Gupta, Usama Yaseen and Hinrich Schütze },
SORTNAME = { Pankaj Gupta, Usama Yaseen and Hinrich Schutze },
TITLE = { Linguistically Informed Relation Extraction and Neural Architectures for Nested Named Entity Recognition in BioNLP-OST 2019 },
}
@INPROCEEDINGS{ BioNLP-28,
AUTHOR = { Wuti Xiong, Fei Li, Ming Cheng, Hong Yu and Donghong Ji },
SORTNAME = { Wuti Xiong, Fei Li, Ming Cheng, Hong Yu and Donghong Ji },
TITLE = { Bacteria Biotope Relation Extraction via Lexical Chains and Dependency Graphs },
}
@INPROCEEDINGS{ BioNLP-15,
AUTHOR = { Dongfang Li, Ying Xiong, Baotian Hu, Hanyang Du, Buzhou Tang and Qingcai Chen },
SORTNAME = { Dongfang Li, Ying Xiong, Baotian Hu, Hanyang Du, Buzhou Tang and Qingcai Chen },
TITLE = { Trigger Word Detection and Thematic Role Identification via BERT and Multitask Learning },
}
@INPROCEEDINGS{ BioNLP-8,
AUTHOR = { Yuxing Wang, Kaiyin Zhou, Mina Gachloo and Jingbo Xia },
SORTNAME = { Yuxing Wang, Kaiyin Zhou, Mina Gachloo and Jingbo Xia },
TITLE = { Task review of AGAC track in BioNLP OST 2019 },
}
@INPROCEEDINGS{ BioNLP-29,
AUTHOR = { Feifan Liu, Xiaoyu Zheng, Bo Wang and Catarina Kiefe },
SORTNAME = { Feifan Liu, Xiaoyu Zheng, Bo Wang and Catarina Kiefe },
TITLE = { DeepGeneMD: A Joint Deep Learning Model for Extracting Gene Mutation-Disease Knowledge from PubMed Literature },
}
@INPROCEEDINGS{ BioNLP-27,
AUTHOR = { Hai-Long Trieu, Anh-Khoa Duong Nguyen, Nhung Nguyen, Makoto Miwa, Hiroya Takamura and Sophia Ananiadou },
SORTNAME = { Hai-Long Trieu, Anh-Khoa Duong Nguyen, Nhung Nguyen, Makoto Miwa, Hiroya Takamura and Sophia Ananiadou },
TITLE = { Coreference Resolution in Full Text Articles with BERT and Syntax-based Mention Filtering },
}
@INPROCEEDINGS{ BioNLP-32,
AUTHOR = { Thang Minh Ngo, Jenna Kanerva, Filip Ginter and Sampo Pyysalo },
SORTNAME = { Thang Minh Ngo, Jenna Kanerva, Filip Ginter and Sampo Pyysalo },
TITLE = { Neural Dependency Parsing of Biomedical Text: TurkuNLP entry in the CRAFT Structural Annotation Task },
}
@INPROCEEDINGS{ BioNLP-13,
AUTHOR = { Ashok Thillaisundaram and Theodosia Togia },
SORTNAME = { Ashok Thillaisundaram and Theodosia Togia },
TITLE = { Biomedical relation extraction with pre-trained language representations and minimal task-specific architecture },
}
@INPROCEEDINGS{ BioNLP-6,
AUTHOR = { Renzo Rivera and Paloma Martínez },
SORTNAME = { Renzo Rivera and Paloma Martinez },
TITLE = { Deep neural model with enhanced embeddings for pharmaceutical and chemical entities recognition in Spanish clinical text },
}
@INPROCEEDINGS{ BioNLP-22,
AUTHOR = { Qi Zhang, Chao Liu, Ying Chi, Xuansong Xie and Xiansheng Hua },
SORTNAME = { Qi Zhang, Chao Liu, Ying Chi, Xuansong Xie and Xiansheng Hua },
TITLE = { A Multi-Task Learning Framework for Extracting Bacteria Biotope Information },
}
@INPROCEEDINGS{ BioNLP-25,
AUTHOR = { Mohammad Anani, Nazmul Kazi, Matthew Kuntz and Indika Kahanda },
SORTNAME = { Mohammad Anani, Nazmul Kazi, Matthew Kuntz and Indika Kahanda },
TITLE = { RDoC Task at BioNLP-OST 2019 },
}
@INPROCEEDINGS{ BioNLP-20,
AUTHOR = { junyi li, Xiaobing Zhou, Yuhang Wu and Bin Wang },
SORTNAME = { junyi li, Xiaobing Zhou, Yuhang Wu and Bin Wang },
TITLE = { YNU-junyi in BioNLP-OST 2019: Using CNN-LSTM Model with Embeddings for SeeDev Binary Event Extraction },
}
