@INPROCEEDINGS{ WAT-21,
AUTHOR = { Wei Yang and Jun Ogata },
SORTNAME = { Wei Yang and Jun Ogata },
TITLE = { Our Neural Machine Translation Systems for WAT 2019 },
}
@INPROCEEDINGS{ WAT-12,
AUTHOR = { Ali Fadel, Ibraheem Tuffaha, Bara' Al-Jawarneh and Mahmoud Al-Ayyoub },
SORTNAME = { Ali Fadel, Ibraheem Tuffaha, Bara' Al-Jawarneh and Mahmoud Al-Ayyoub },
TITLE = { Neural Arabic Text Diacritization: State of the Art Results and a Novel Approach for Machine Translation },
}
@INPROCEEDINGS{ WAT-33,
AUTHOR = { Yimon ShweSin, Win Pa Pa and KhinMar Soe },
SORTNAME = { Yimon ShweSin, Win Pa Pa and KhinMar Soe },
TITLE = { UCSYNLP-Lab Machine Translation Systems for WAT 2019 },
}
@INPROCEEDINGS{ WAT-14,
AUTHOR = { Benjamin Marie, Hour Kaing, Aye Myat Mon, Chenchen Ding, Atsushi Fujita, Masao Utiyama and Eiichiro Sumita },
SORTNAME = { Benjamin Marie, Hour Kaing, Aye Myat Mon, Chenchen Ding, Atsushi Fujita, Masao Utiyama and Eiichiro Sumita },
TITLE = { Supervised and Unsupervised Machine Translation for Myanmar-English and Khmer-English },
}
@INPROCEEDINGS{ WAT-18,
AUTHOR = { Cheoneum Park, Young-Jun Jung, Kihoon Kim, Geonyeong Kim, Jae-Won Jeon, Seongmin Lee, Junseok Kim and Changki Lee },
SORTNAME = { Cheoneum Park, Young-Jun Jung, Kihoon Kim, Geonyeong Kim, Jae-Won Jeon, Seongmin Lee, Junseok Kim and Changki Lee },
TITLE = { KNU-HYUNDAI’s NMT system for Scientific Paper and Patent Tasks onWAT 2019 },
}
@INPROCEEDINGS{ WAT-34,
AUTHOR = { Jerin Philip, Shashank Siripragada, Upendra Kumar, Vinay Namboodiri and C V Jawahar },
SORTNAME = { Jerin Philip, Shashank Siripragada, Upendra Kumar, Vinay Namboodiri and C V Jawahar },
TITLE = { CVIT's submissions to WAT-2019 },
}
@INPROCEEDINGS{ WAT-26,
AUTHOR = { Hideya Mino, Hitoshi Ito, Isao Goto, Ichiro Yamada, Hideki Tanaka and Takenobu Tokunaga },
SORTNAME = { Hideya Mino, Hitoshi Ito, Isao Goto, Ichiro Yamada, Hideki Tanaka and Takenobu Tokunaga },
TITLE = { Neural Machine Translation System using a Content-equivalently Translated Parallel Corpus for the Newswire Translation Tasks at WAT 2019 },
}
@INPROCEEDINGS{ WAT-9,
AUTHOR = { Thi-Vinh Ngo, Thanh-Le Ha, Phuong-Thai Nguyen and Le-Minh Nguyen },
SORTNAME = { Thi-Vinh Ngo, Thanh-Le Ha, Phuong-Thai Nguyen and Le-Minh Nguyen },
TITLE = { Overcoming the Rare Word Problem for low-resource language pairs in Neural Machine Translation },
}
@INPROCEEDINGS{ WAT-31,
AUTHOR = { Jitao Xu, TuAnh Nguyen, MinhQuang PHAM, Josep Crego and Jean Senellart },
SORTNAME = { Jitao Xu, TuAnh Nguyen, MinhQuang PHAM, Josep Crego and Jean Senellart },
TITLE = { SYSTRAN \@ WAT 2019: Russian-Japanese News Commentary task },
}
@INPROCEEDINGS{ WAT-4,
AUTHOR = { Chenglei Si, Kui Wu, Ai Ti Aw and Min-Yen Kan },
SORTNAME = { Chenglei Si, Kui Wu, Ai Ti Aw and Min-Yen Kan },
TITLE = { Sentiment Aware Neural Machine Translation },
}
@INPROCEEDINGS{ WAT-23,
AUTHOR = { Aizhan Imankulova, Masahiro Kaneko and Mamoru Komachi },
SORTNAME = { Aizhan Imankulova, Masahiro Kaneko and Mamoru Komachi },
TITLE = { Japanese-Russian TMU Neural Machine Translation System using Multilingual Model for WAT 2019 },
}
@INPROCEEDINGS{ WAT-5,
AUTHOR = { Jinan Dai and Kazunori Yamaguchi },
SORTNAME = { Jinan Dai and Kazunori Yamaguchi },
TITLE = { Compact and Robust Models for Japanese-English Character-level Machine Translation },
}
@INPROCEEDINGS{ WAT-16,
AUTHOR = { Kenji Imamura and Eiichiro Sumita },
SORTNAME = { Kenji Imamura and Eiichiro Sumita },
TITLE = { Long Warm-up and Self-Training: Training Strategies of NICT-2 NMT System at WAT-2019 },
}
@INPROCEEDINGS{ WAT-17,
AUTHOR = { Yixuan Tong, Liang Liang, Boyan Liu, Shanshan Jiang and Bin Dong },
SORTNAME = { Yixuan Tong, Liang Liang, Boyan Liu, Shanshan Jiang and Bin Dong },
TITLE = { Supervised neural machine translation based on data augmentation and improved training \& inference process },
}
@INPROCEEDINGS{ WAT-30,
AUTHOR = { Peng-Jen Chen, Jiajun Shen, Matthew Le, Vishrav Chaudhary, Ahmed El-Kishky, Guillaume Wenzek, Myle Ott and Marc'Aurelio Ranzato },
SORTNAME = { Peng-Jen Chen, Jiajun Shen, Matthew Le, Vishrav Chaudhary, Ahmed El-Kishky, Guillaume Wenzek, Myle Ott and Marc'Aurelio Ranzato },
TITLE = { Facebook AI’s WAT19 Myanmar-English Translation Task Submission },
}
@INPROCEEDINGS{ WAT-28,
AUTHOR = { Gurpreet Josan, Jagroop Kaur and Jaswinder Singh },
SORTNAME = { Gurpreet Josan, Jagroop Kaur and Jaswinder Singh },
TITLE = { English to Hindi Multi Modal Image Caption Translation: A Shared Task },
}
@INPROCEEDINGS{ WAT-15,
AUTHOR = { Raj Dabre and Eiichiro Sumita },
SORTNAME = { Raj Dabre and Eiichiro Sumita },
TITLE = { NICT's participation to WAT 2019: Multilingualism and Multi-step Fine-Tuning for Low Resource NMT },
}
@INPROCEEDINGS{ WAT-24,
AUTHOR = { Makoto Morishita, Jun Suzuki and Masaaki Nagata },
SORTNAME = { Makoto Morishita, Jun Suzuki and Masaaki Nagata },
TITLE = { NTT Neural Machine Translation Systems at WAT 2019 },
}
@INPROCEEDINGS{ WAT-8,
AUTHOR = { Matīss Rikters, Ryokan Ri, Tong Li and Toshiaki Nakazawa },
SORTNAME = { Matiss Rikters, Ryokan Ri, Tong Li and Toshiaki Nakazawa },
TITLE = { Designing the Business Conversation Corpus },
}
@INPROCEEDINGS{ WAT-29,
AUTHOR = { Loitongbam Sanayai Meetei, Thoudam Doren Singh and Sivaji Bandyopadhyay },
SORTNAME = { Loitongbam Sanayai Meetei, Thoudam Doren Singh and Sivaji Bandyopadhyay },
TITLE = { WAT2019: English-Hindi Translation on Hindi Visual Genome Dataset },
}
@INPROCEEDINGS{ WAT-27,
AUTHOR = { Shantipriya Parida, Ondřej Bojar and Petr Motlicek },
SORTNAME = { Shantipriya Parida, Ondrej Bojar and Petr Motlicek },
TITLE = { Idiap NMT System for WAT 2019 Multimodal Translation Task },
}
@INPROCEEDINGS{ WAT-32,
AUTHOR = { Akiko Eriguchi, Spencer Rarrick and Hitokazu Matsushita },
SORTNAME = { Akiko Eriguchi, Spencer Rarrick and Hitokazu Matsushita },
TITLE = { Combining Translation Memory with Neural Machine Translation },
}
@INPROCEEDINGS{ WAT-19,
AUTHOR = { Raymond Hendy Susanto, Ohnmar Htun and Liling Tan },
SORTNAME = { Raymond Hendy Susanto, Ohnmar Htun and Liling Tan },
TITLE = { Sarah's Participation in WAT 2019 },
}
@INPROCEEDINGS{ WAT-13,
AUTHOR = { Sahinur Rahman Laskar, Rohit Pratap Singh, Partha Pakray and Sivaji Bandyopadhyay },
SORTNAME = { Sahinur Rahman Laskar, Rohit Pratap Singh, Partha Pakray and Sivaji Bandyopadhyay },
TITLE = { English to Hindi Multi-modal Neural Machine Translation and Hindi Image Captioning },
}
@INPROCEEDINGS{ WAT-6,
AUTHOR = { Weston Feely, Eva Hasler and Adrià de Gispert },
SORTNAME = { Weston Feely, Eva Hasler and Adria de Gispert },
TITLE = { Controlling Japanese Honorifics in English-to-Japanese Neural Machine Translation },
}
@INPROCEEDINGS{ WAT-22,
AUTHOR = { Aye Thida, Nway Nway Han, Sheinn Thawtar Oo and Khin Thet Htar },
SORTNAME = { Aye Thida, Nway Nway Han, Sheinn Thawtar Oo and Khin Thet Htar },
TITLE = { UCSMNLP: Statistical Machine Translation for WAT 2019 },
}
@INPROCEEDINGS{ WAT-25,
AUTHOR = { Amit Kumar and Anil Kumar Singh },
SORTNAME = { Amit Kumar and Anil Kumar Singh },
TITLE = { NLPRL at WAT2019: Transformer-based Tamil – English Indic Task Neural Machine Translation System },
}
@INPROCEEDINGS{ WAT-20,
AUTHOR = { Rui Wang, Haipeng Sun, Kehai Chen, Chenchen Ding, Masao Utiyama and Eiichiro Sumita },
SORTNAME = { Rui Wang, Haipeng Sun, Kehai Chen, Chenchen Ding, Masao Utiyama and Eiichiro Sumita },
TITLE = { English-Myanmar Supervised and Unsupervised NMT: NICT's Machine Translation Systems at WAT-2019 },
}
