@INPROCEEDINGS{ WNUT-48,
AUTHOR = { Rui Xing and Jie Luo },
SORTNAME = { Rui Xing and Jie Luo },
TITLE = { Distant Supervised Relation Extraction with Separate Head-Tail CNN },
}
@INPROCEEDINGS{ WNUT-21,
AUTHOR = { Chen Liu, Anderson De Andrade and Muhammad Osama },
SORTNAME = { Chen Liu, Anderson De Andrade and Muhammad Osama },
TITLE = { Exploring Multilingual Syntactic Sentence Representations },
}
@INPROCEEDINGS{ WNUT-74,
AUTHOR = { Keith Cortis and Brian Davis },
SORTNAME = { Keith Cortis and Brian Davis },
TITLE = { A Social Opinion Gold Standard for the Malta Government Budget 2018 },
}
@INPROCEEDINGS{ WNUT-12,
AUTHOR = { Rob van der Goot },
SORTNAME = { Rob van der Goot },
TITLE = { An In-depth Analysis of the Effect of Lexical Normalization on the Dependency Parsing of Social Media },
}
@INPROCEEDINGS{ WNUT-11,
AUTHOR = { Giannis Karamanolakis, Daniel Hsu and Luis Gravano },
SORTNAME = { Giannis Karamanolakis, Daniel Hsu and Luis Gravano },
TITLE = { Weakly Supervised Attention Networks for Fine-Grained Opinion Mining and Public Health },
}
@INPROCEEDINGS{ WNUT-14,
AUTHOR = { Takeshi Kobayakawa, Taro Miyazaki, Hiroki Okamoto and Simon Clippingdale },
SORTNAME = { Takeshi Kobayakawa, Taro Miyazaki, Hiroki Okamoto and Simon Clippingdale },
TITLE = { Mining Tweets that refer to TV programs with Deep Neural Networks },
}
@INPROCEEDINGS{ WNUT-67,
AUTHOR = { Zhenhao Li and Lucia Specia },
SORTNAME = { Zhenhao Li and Lucia Specia },
TITLE = { Improving Neural Machine Translation Robustness via Data Augmentation: Beyond Back-Translation },
}
@INPROCEEDINGS{ WNUT-81,
AUTHOR = { Abhinav Bhandari and Caitrin Armstrong },
SORTNAME = { Abhinav Bhandari and Caitrin Armstrong },
TITLE = { Tkol, Httt, and r/radiohead: High Affinity Terms in Reddit Communities },
}
@INPROCEEDINGS{ WNUT-18,
AUTHOR = { Niko Partanen, Mika Hämäläinen and Khalid Alnajjar },
SORTNAME = { Niko Partanen, Mika Hamalainen and Khalid Alnajjar },
TITLE = { Dialect Text Normalization to Normative Standard Finnish },
}
@INPROCEEDINGS{ WNUT-34,
AUTHOR = { Anja Belz, Richard Hoile, Elizabeth Ford and Azam Mullick },
SORTNAME = { Anja Belz, Richard Hoile, Elizabeth Ford and Azam Mullick },
TITLE = { Conceptualisation and Annotation of Drug Nonadherence Information for Knowledge Extraction from Patient-Generated Texts },
}
@INPROCEEDINGS{ WNUT-97,
AUTHOR = { Nasser Zalmout, Kapil Thadani and Aasish Pappu },
SORTNAME = { Nasser Zalmout, Kapil Thadani and Aasish Pappu },
TITLE = { Unsupervised Neologism Normalization Using Embedding Space Mapping },
}
@INPROCEEDINGS{ WNUT-9,
AUTHOR = { Abbas Ghaddar and Phillippe Langlais },
SORTNAME = { Abbas Ghaddar and Phillippe Langlais },
TITLE = { Contextualized Word Representations from Distant Supervision with and for NER },
}
@INPROCEEDINGS{ WNUT-31,
AUTHOR = { Aili Shen, Daniel Beck, Bahar Salehi, Jianzhong Qi and Timothy Baldwin },
SORTNAME = { Aili Shen, Daniel Beck, Bahar Salehi, Jianzhong Qi and Timothy Baldwin },
TITLE = { Modelling Uncertainty in Collaborative Document Quality Assessment },
}
@INPROCEEDINGS{ WNUT-4,
AUTHOR = { Hanh Nguyen and Dirk Hovy },
SORTNAME = { Hanh Nguyen and Dirk Hovy },
TITLE = { Hey Siri. Ok Google. Alexa: A topic modeling of user reviews for smart speakers },
}
@INPROCEEDINGS{ WNUT-36,
AUTHOR = { Shirley Anugrah Hayati, Aditi Chaudhary, Naoki Otani and Alan W Black },
SORTNAME = { Shirley Anugrah Hayati, Aditi Chaudhary, Naoki Otani and Alan W Black },
TITLE = { Dataset Analysis and Augmentation for Emoji-Sensitive Irony Detection },
}
@INPROCEEDINGS{ WNUT-90,
AUTHOR = { José Carlos Rosales Núñez, Djamé Seddah and Guillaume Wisniewski },
SORTNAME = { Jose Carlos Rosales Nunez, Djame Seddah and Guillaume Wisniewski },
TITLE = { Phonetic Normalization for Machine Translation of User Generated Content },
}
@INPROCEEDINGS{ WNUT-23,
AUTHOR = { Christian Federmann, Oussama Elachqar and Chris Quirk },
SORTNAME = { Christian Federmann, Oussama Elachqar and Chris Quirk },
TITLE = { Multilingual Whispers: Generating Paraphrases with Translation },
}
@INPROCEEDINGS{ WNUT-85,
AUTHOR = { Yeon Seonwoo, Sungjoon Park, Dongkwan Kim and Alice Oh },
SORTNAME = { Yeon Seonwoo, Sungjoon Park, Dongkwan Kim and Alice Oh },
TITLE = { Additive Compositionality of Word Vectors },
}
@INPROCEEDINGS{ WNUT-42,
AUTHOR = { Sravan Bodapati, Hyokun Yun and Yaser Al-Onaizan },
SORTNAME = { Sravan Bodapati, Hyokun Yun and Yaser Al-Onaizan },
TITLE = { Robustness to Capitalization Errors in Named Entity Recognition },
}
@INPROCEEDINGS{ WNUT-64,
AUTHOR = { Ivan Sekulic and Michael Strube },
SORTNAME = { Ivan Sekulic and Michael Strube },
TITLE = { Adapting Deep Learning Methods for Mental Health Prediction on Social Media },
}
@INPROCEEDINGS{ WNUT-76,
AUTHOR = { Maria Nadejde and Joel Tetreault },
SORTNAME = { Maria Nadejde and Joel Tetreault },
TITLE = { Personalizing Grammatical Error Correction: Adaptation to Proficiency Level and L1 },
}
@INPROCEEDINGS{ WNUT-62,
AUTHOR = { Zhilin Wang, Elena Rastorgueva, Weizhe Lin and Xiaodong Wu },
SORTNAME = { Zhilin Wang, Elena Rastorgueva, Weizhe Lin and Xiaodong Wu },
TITLE = { No, you’re not alone: A better way to find people with similar experiences on Reddit },
}
@INPROCEEDINGS{ WNUT-10,
AUTHOR = { Yunfan Gu, yang yuqiao and Zhongyu Wei },
SORTNAME = { Yunfan Gu, yang yuqiao and Zhongyu Wei },
TITLE = { Extract, Transform and Filling: A Pipeline Model for Question Paraphrasing based on Template },
}
@INPROCEEDINGS{ WNUT-49,
AUTHOR = { vladimir karpukhin, Omer Levy, Jacob Eisenstein and Marjan Ghazvininejad },
SORTNAME = { vladimir karpukhin, Omer Levy, Jacob Eisenstein and Marjan Ghazvininejad },
TITLE = { Training on Synthetic Noise Improves Robustness to Natural Noise in Machine Translation },
}
@INPROCEEDINGS{ WNUT-38,
AUTHOR = { Tommaso Fornaciari and Dirk Hovy },
SORTNAME = { Tommaso Fornaciari and Dirk Hovy },
TITLE = { Dense Node Representation for Geolocation },
}
@INPROCEEDINGS{ WNUT-68,
AUTHOR = { Rohan Badlani, Nishit Asnani and Manan Rai },
SORTNAME = { Rohan Badlani, Nishit Asnani and Manan Rai },
TITLE = { An Ensemble of Humour, Sarcasm, and Hate Speechfor Sentiment Classification in Online Reviews },
}
@INPROCEEDINGS{ WNUT-5,
AUTHOR = { vinayak athavale, aayush naik, rajas vanjape and Manish Shrivastava },
SORTNAME = { vinayak athavale, aayush naik, rajas vanjape and Manish Shrivastava },
TITLE = { Predicting Algorithm Classes for Programming Word Problems },
}
@INPROCEEDINGS{ WNUT-46,
AUTHOR = { Viet Dac Lai and Thien Nguyen },
SORTNAME = { Viet Dac Lai and Thien Nguyen },
TITLE = { Extending Event Detection to New Types with Learning from Keywords },
}
@INPROCEEDINGS{ WNUT-16,
AUTHOR = { Abram Handler and Brian Clifton },
SORTNAME = { Abram Handler and Brian Clifton },
TITLE = { Simple Discovery of Aliases from User Comments },
}
@INPROCEEDINGS{ WNUT-39,
AUTHOR = { Tommaso Fornaciari and Dirk Hovy },
SORTNAME = { Tommaso Fornaciari and Dirk Hovy },
TITLE = { Identifying Linguistic Areas for Geolocation },
}
@INPROCEEDINGS{ WNUT-69,
AUTHOR = { Jakub Náplava and Milan Straka },
SORTNAME = { Jakub Naplava and Milan Straka },
TITLE = { Grammatical Error Correction in Low-Resource Scenarios },
}
@INPROCEEDINGS{ WNUT-79,
AUTHOR = { Jiyoung Han, Youngin Lee, Junbum Lee and Meeyoung Cha },
SORTNAME = { Jiyoung Han, Youngin Lee, Junbum Lee and Meeyoung Cha },
TITLE = { The Fallacy of Echo Chambers: Analyzing the Political Slants of User-Generated News Comments in Korean Media },
}
@INPROCEEDINGS{ WNUT-61,
AUTHOR = { Benjamin Muller, Benoit Sagot and Djamé Seddah },
SORTNAME = { Benjamin Muller, Benoit Sagot and Djame Seddah },
TITLE = { Enhancing BERT for Lexical Normalization },
}
@INPROCEEDINGS{ WNUT-3,
AUTHOR = { Daniele Bonadiman, Anjishnu Kumar and Arpit Mittal },
SORTNAME = { Daniele Bonadiman, Anjishnu Kumar and Arpit Mittal },
TITLE = { Large Scale Question Paraphrase Retrieval with Smoothed Deep Metric Learning },
}
@INPROCEEDINGS{ WNUT-58,
AUTHOR = { Yifu Sun and Haoming Jiang },
SORTNAME = { Yifu Sun and Haoming Jiang },
TITLE = { Contextual Text Denoising with Masked Language Model },
}
@INPROCEEDINGS{ WNUT-78,
AUTHOR = { Isak Czeresnia Etinger and Alan W Black },
SORTNAME = { Isak Czeresnia Etinger and Alan W Black },
TITLE = { Formality Style Transfer for Noisy, User-generated Conversations: Extracting Labeled, Parallel Data from Unlabeled Corpora },
}
@INPROCEEDINGS{ WNUT-93,
AUTHOR = { Anab Maulana Barik, Rahmad Mahendra and Mirna Adriani },
SORTNAME = { Anab Maulana Barik, Rahmad Mahendra and Mirna Adriani },
TITLE = { Normalization of Indonesian-English Code-Mixed Twitter Data },
}
@INPROCEEDINGS{ WNUT-63,
AUTHOR = { Wenhao Ying, Rong Xiang and Qin Lu },
SORTNAME = { Wenhao Ying, Rong Xiang and Qin Lu },
TITLE = { Improving Multi-label Emotion Classification by Integrating both General and Domain-specific Knowledge },
}
@INPROCEEDINGS{ WNUT-55,
AUTHOR = { Stefan Constantin, Jan Niehues and Alex Waibel },
SORTNAME = { Stefan Constantin, Jan Niehues and Alex Waibel },
TITLE = { Incremental processing of noisy user utterances in the spoken language understanding task },
}
@INPROCEEDINGS{ WNUT-99,
AUTHOR = { Jekaterina Novikova, Aparna Balagopalan, Ksenia Shkaruta and Frank Rudzicz },
SORTNAME = { Jekaterina Novikova, Aparna Balagopalan, Ksenia Shkaruta and Frank Rudzicz },
TITLE = { Lexical Features Are More Vulnerable, Syntactic Features Have More Predictive Power },
}
@INPROCEEDINGS{ WNUT-37,
AUTHOR = { Tommaso Fornaciari and Dirk Hovy },
SORTNAME = { Tommaso Fornaciari and Dirk Hovy },
TITLE = { Geolocation with Attention-Based Multitask Learning Models },
}
@INPROCEEDINGS{ WNUT-57,
AUTHOR = { Claudia Matos Veliz, Orphee De Clercq and Veronique Hoste },
SORTNAME = { Claudia Matos Veliz, Orphee De Clercq and Veronique Hoste },
TITLE = { Benefits of Data Augmentation for NMT-based Text Normalization of User-Generated Content },
}
@INPROCEEDINGS{ WNUT-28,
AUTHOR = { Kartikey Pant, Venkata Himakar Yanamandra, Alok Debnath and Radhika Mamidi },
SORTNAME = { Kartikey Pant, Venkata Himakar Yanamandra, Alok Debnath and Radhika Mamidi },
TITLE = { SmokEng: Towards Fine-grained Classification of Tobacco-related Social Media Text },
}
@INPROCEEDINGS{ WNUT-15,
AUTHOR = { Wafia Adouane, Jean-Philippe Bernardy and Simon Dobnik },
SORTNAME = { Wafia Adouane, Jean-Philippe Bernardy and Simon Dobnik },
TITLE = { Normalising Non-standardised Orthography in Algerian Code-switched User-generated Data },
}
@INPROCEEDINGS{ WNUT-70,
AUTHOR = { Roman Grundkiewicz and Marcin Junczys-Dowmunt },
SORTNAME = { Roman Grundkiewicz and Marcin Junczys-Dowmunt },
TITLE = { Minimally-Augmented Grammatical Error Correction },
}
@INPROCEEDINGS{ WNUT-8,
AUTHOR = { Chris van der Lee, Tess van der Zanden, Emiel Krahmer, Maria Mos and Alexander Schouten },
SORTNAME = { Chris van der Lee, Tess van der Zanden, Emiel Krahmer, Maria Mos and Alexander Schouten },
TITLE = { Automatic identification of writers’ intentions: Comparing different methods for predicting relationship goals in online dating profile texts },
}
@INPROCEEDINGS{ WNUT-72,
AUTHOR = { Nathanael Chambers, Timothy Forman, Catherine Griswold, Kevin Lu, Yogaish Khastgir and Stephen Steckler },
SORTNAME = { Nathanael Chambers, Timothy Forman, Catherine Griswold, Kevin Lu, Yogaish Khastgir and Stephen Steckler },
TITLE = { Character-Based Models for Adversarial Phone Extraction: Preventing Human Sex Trafficking },
}
@INPROCEEDINGS{ WNUT-19,
AUTHOR = { Jiawei Yong },
SORTNAME = { Jiawei Yong },
TITLE = { A Cross-Topic Method for Supervised Relevance Classification },
}
@INPROCEEDINGS{ WNUT-13,
AUTHOR = { Béranger Dumont, Simona Maggio, Ghiles Sidi Said and Quoc-Tien Au },
SORTNAME = { Beranger Dumont, Simona Maggio, Ghiles Sidi Said and Quoc-Tien Au },
TITLE = { Who wrote this book? A challenge for e-commerce },
}
@INPROCEEDINGS{ WNUT-44,
AUTHOR = { Richard Yuanzhe Pang },
SORTNAME = { Richard Yuanzhe Pang },
TITLE = { Towards Actual (Not Operational) Textual Style Transfer Auto-Evaluation },
}
@INPROCEEDINGS{ WNUT-80,
AUTHOR = { Gabriel Stanovsky and Ronen Tamari },
SORTNAME = { Gabriel Stanovsky and Ronen Tamari },
TITLE = { Y’all should read this! Identifying Plurality in Second-Person Personal Pronouns in English Texts },
}
@INPROCEEDINGS{ WNUT-22,
AUTHOR = { Yuzhong Hong, Xianguo Yu, Neng He, Nan Liu and Junhui Liu },
SORTNAME = { Yuzhong Hong, Xianguo Yu, Neng He, Nan Liu and Junhui Liu },
TITLE = { FASPell: A Fast, Adaptable, Simple, Powerful Chinese Spell Checker Based On DAE-Decoder Paradigm },
}
@INPROCEEDINGS{ WNUT-25,
AUTHOR = { Hunter Heidenreich and Jake Williams },
SORTNAME = { Hunter Heidenreich and Jake Williams },
TITLE = { Latent semantic network induction in the context of linked example senses },
}
@INPROCEEDINGS{ WNUT-60,
AUTHOR = { Riya Pal and Dipti Sharma },
SORTNAME = { Riya Pal and Dipti Sharma },
TITLE = { Towards Automated Semantic Role Labelling of Hindi-English Code-Mixed Tweets },
}
@INPROCEEDINGS{ WNUT-98,
AUTHOR = { Xin Li, Lidong Bing, Wenxuan Zhang and Wai Lam },
SORTNAME = { Xin Li, Lidong Bing, Wenxuan Zhang and Wai Lam },
TITLE = { Exploiting BERT for End-to-End Aspect-based Sentiment Analysis },
}
@INPROCEEDINGS{ WNUT-83,
AUTHOR = { Edison Marrese-Taylor, Pablo Loyola and Yutaka Matsuo },
SORTNAME = { Edison Marrese-Taylor, Pablo Loyola and Yutaka Matsuo },
TITLE = { An Edit-centric Approach for Wikipedia Article Quality Assessment },
}
@INPROCEEDINGS{ WNUT-89,
AUTHOR = { Kazuki Ashihara, Tomoyuki Kajiwara, Yuki Arase and Satoru Uchida },
SORTNAME = { Kazuki Ashihara, Tomoyuki Kajiwara, Yuki Arase and Satoru Uchida },
TITLE = { Contextualized context2vec },
}
@INPROCEEDINGS{ WNUT-47,
AUTHOR = { Ella Rabinovich, Masih Sultani and Suzanne Stevenson },
SORTNAME = { Ella Rabinovich, Masih Sultani and Suzanne Stevenson },
TITLE = { CodeSwitch-Reddit: Exploration of Written Multilingual Discourse in Online Discussion Forums },
}
@INPROCEEDINGS{ WNUT-51,
AUTHOR = { Youmna Ismaeil, Oana Balalau and Paramita Mirza },
SORTNAME = { Youmna Ismaeil, Oana Balalau and Paramita Mirza },
TITLE = { Discovering the Functions of Language in Online Forums },
}
