@INPROCEEDINGS{1732,
  AUTHOR = {Jiatao Gu, Qi Liu and Kyunghyun Cho},
  TITLE = {[TACL] Insertion-based Decoding with automatically Inferred Generation Order},
  SORTNAME = {[TACL] Insertion-based Decoding with automatically Inferred Generation Order}}

@INPROCEEDINGS{1654,
  AUTHOR = {Ekin Akyürek, Erenay Dayanık and Deniz Yuret},
  TITLE = {[TACL] Morphological Analysis Using a Sequence Decoder},
  SORTNAME = {[TACL] Morphological Analysis Using a Sequence Decoder}}

@INPROCEEDINGS{1677,
  AUTHOR = {Courtney Napoles, Maria Nadejde and Joel Tetreault},
  TITLE = {[TACL] Enabling Robust Grammatical Error Correction in New Domains: Datasets, Metrics, and Analyses},
  SORTNAME = {[TACL] Enabling Robust Grammatical Error Correction in New Domains: Datasets, Metrics, and Analyses}}

@INPROCEEDINGS{1676,
  AUTHOR = {Suman Banerjee and Mitesh M. Khapra},
  TITLE = {[TACL] Graph Convolutional Network with Sequential Attention for Goal-Oriented Dialogue Systems},
  SORTNAME = {[TACL] Graph Convolutional Network with Sequential Attention for Goal-Oriented Dialogue Systems}}

@INPROCEEDINGS{1710,
  AUTHOR = {Alex Warstadt, Amanpreet Singh and Samuel R. Bowman},
  TITLE = {[TACL] Neural Network Acceptability Judgments},
  SORTNAME = {[TACL] Neural Network Acceptability Judgments}}

@INPROCEEDINGS{1742,
  AUTHOR = {Mikel Artetxe and Holger Schwenk},
  TITLE = {[TACL] Massively Multilingual Sentence Embeddings for Zero-Shot Cross-Lingual Transfer and Beyond},
  SORTNAME = {[TACL] Massively Multilingual Sentence Embeddings for Zero-Shot Cross-Lingual Transfer and Beyond}}

@INPROCEEDINGS{1639,
  AUTHOR = {Kelvin Luu, Chenhao Tan and Noah A. Smith},
  TITLE = {[TACL] Measuring Online Debaters' Persuasive Skill from Text over Time},
  SORTNAME = {[TACL] Measuring Online Debaters' Persuasive Skill from Text over Time}}

@INPROCEEDINGS{1712,
  AUTHOR = {Yumo Xu and Mirella Lapata},
  TITLE = {[TACL] Weakly Supervised Domain Detection},
  SORTNAME = {[TACL] Weakly Supervised Domain Detection}}

@INPROCEEDINGS{1729,
  AUTHOR = {Vered Shwartz and Ido Dagan},
  TITLE = {[TACL] Still a Pain in the Neck: Evaluating Text Representations on Lexical Composition},
  SORTNAME = {[TACL] Still a Pain in the Neck: Evaluating Text Representations on Lexical Composition}}

@INPROCEEDINGS{1648,
  AUTHOR = {Yanai Elazar and Yoav Goldberg},
  TITLE = {[TACL] Where's My Head? Definition, Dataset and Models for Numeric Fused-Heads Identification and Resolution},
  SORTNAME = {[TACL] Where's My Head? Definition, Dataset and Models for Numeric Fused-Heads Identification and Resolution}}

@INPROCEEDINGS{1582,
  AUTHOR = {Xiang Lisa Li, Dingquan Wang and Jason Eisner},
  TITLE = {[TACL] A Generative Model for Punctuation in Dependency Trees},
  SORTNAME = {[TACL] A Generative Model for Punctuation in Dependency Trees}}

