@INPROCEEDINGS{ LANTERN-11,
AUTHOR = { Dalin Wang, Daniel Beck and Trevor Cohn },
SORTNAME = { Dalin Wang, Daniel Beck and Trevor Cohn },
TITLE = { On the Role of Scene Graphs in Image Captioning },
}
@INPROCEEDINGS{ LANTERN-14,
AUTHOR = { KOEL DUTTA CHOWDHURY and Desmond Elliott },
SORTNAME = { KOEL DUTTA CHOWDHURY and Desmond Elliott },
TITLE = { Understanding the Effect of Textual Adversaries in Multimodal Machine Translation },
}
@INPROCEEDINGS{ LANTERN-9,
AUTHOR = { Sandro Pezzelle and Raquel Fernández },
SORTNAME = { Sandro Pezzelle and Raquel Fernandez },
TITLE = { Big Generalizations with Small Data: Exploring the Role of Training Samples in Learning Adjectives of Size },
}
@INPROCEEDINGS{ LANTERN-10,
AUTHOR = { Yu-Hsiang Tseng and Shu-Kai Hsieh },
SORTNAME = { Yu-Hsiang Tseng and Shu-Kai Hsieh },
TITLE = { Eigencharacter: An Embedding of Chinese Character Orthography },
}
@INPROCEEDINGS{ LANTERN-16,
AUTHOR = { Henning Bartsch, Benjamin Kolb, Arwin Gansekoele, Raymond Koopmanschap, Leon Lang, David Speck, Leonardo Romor, Mathijs Mul and Elia Bruni },
SORTNAME = { Henning Bartsch, Benjamin Kolb, Arwin Gansekoele, Raymond Koopmanschap, Leon Lang, David Speck, Leonardo Romor, Mathijs Mul and Elia Bruni },
TITLE = { Learning to request guidance in emergent language },
}
@INPROCEEDINGS{ LANTERN-17,
AUTHOR = { Sigrid Klerke and Barbara Plank },
SORTNAME = { Sigrid Klerke and Barbara Plank },
TITLE = { At a Glance: The Impact of Gaze Aggregation Views on Syntactic Tagging },
}
@INPROCEEDINGS{ LANTERN-8,
AUTHOR = { Alireza Mohammadshahi, Rémi Lebret and Karl Aberer },
SORTNAME = { Alireza Mohammadshahi, Remi Lebret and Karl Aberer },
TITLE = { Aligning Multilingual Word Embeddings for Cross-Modal Retrieval Task },
}
@INPROCEEDINGS{ LANTERN-19,
AUTHOR = { Abhinav Gupta, Ryan Lowe, Jakob Foerster, Douwe Kiela and Joelle Pineau },
SORTNAME = { Abhinav Gupta, Ryan Lowe, Jakob Foerster, Douwe Kiela and Joelle Pineau },
TITLE = { Seeded self-play for language learning },
}
@INPROCEEDINGS{ LANTERN-6,
AUTHOR = { Vardaan Pahuja, Jie Fu, Sarath Chandar and Christopher Pal },
SORTNAME = { Vardaan Pahuja, Jie Fu, Sarath Chandar and Christopher Pal },
TITLE = { Structure Learning for Neural Module Networks },
}
