@INPROCEEDINGS{ NewSum-21,
AUTHOR = { Bogdan Gliwa, Iwona Mochol, Maciej Biesek and Aleksander Wawer },
SORTNAME = { Bogdan Gliwa, Iwona Mochol, Maciej Biesek and Aleksander Wawer },
TITLE = { SAMSum Corpus: A Human-annotated Dialogue Dataset for Abstractive Summarization },
}
@INPROCEEDINGS{ NewSum-14,
AUTHOR = { Zhengyuan Liu and Nancy Chen },
SORTNAME = { Zhengyuan Liu and Nancy Chen },
TITLE = { Exploiting Discourse-Level Segmentation for Extractive Summarization },
}
@INPROCEEDINGS{ NewSum-26,
AUTHOR = { Kristjan Arumae, Parminder Bhatia and Fei Liu },
SORTNAME = { Kristjan Arumae, Parminder Bhatia and Fei Liu },
TITLE = { Towards Annotating and Creating Summary Highlights at Sub-sentence Level },
}
@INPROCEEDINGS{ NewSum-9,
AUTHOR = { Diego Antognini and Boi Faltings },
SORTNAME = { Diego Antognini and Boi Faltings },
TITLE = { Learning to Create Sentence Semantic Relation Graphs for Multi-Document Summarization },
}
@INPROCEEDINGS{ NewSum-10,
AUTHOR = { Vaishali Pal, Manish Shrivastava and Irshad Bhat },
SORTNAME = { Vaishali Pal, Manish Shrivastava and Irshad Bhat },
TITLE = { Answering Naturally : Factoid to Full length Answer Generation },
}
@INPROCEEDINGS{ NewSum-5,
AUTHOR = { Vladimir Eidelman },
SORTNAME = { Vladimir Eidelman },
TITLE = { BillSum: A Corpus for Automatic Summarization of US Legislation },
}
@INPROCEEDINGS{ NewSum-7,
AUTHOR = { Julius Steen and Katja Markert },
SORTNAME = { Julius Steen and Katja Markert },
TITLE = { Abstractive Timeline Summarization },
}
@INPROCEEDINGS{ NewSum-17,
AUTHOR = { Sanghwan Bae, Taeuk Kim, Jihoon Kim and Sang-goo Lee },
SORTNAME = { Sanghwan Bae, Taeuk Kim, Jihoon Kim and Sang-goo Lee },
TITLE = { Summary Level Training of Sentence Rewriting for Abstractive Summarization },
}
@INPROCEEDINGS{ NewSum-3,
AUTHOR = { Maximin Coavoux, Hady Elsahar and Matthias Gallé },
SORTNAME = { Maximin Coavoux, Hady Elsahar and Matthias Galle },
TITLE = { Unsupervised Aspect-Based Multi-Document Abstractive Summarization },
}
@INPROCEEDINGS{ NewSum-37,
AUTHOR = { Khanh Nguyen and Hal Daumé III },
SORTNAME = { Khanh Nguyen and Hal Daume III },
TITLE = { Global Voices: Crossing Borders in Automatic News Summarization },
}
@INPROCEEDINGS{ NewSum-35,
AUTHOR = { Abram Handler, Premkumar Ganeshkumar, Brendan O'Connor and Mohamed AlTantawy },
SORTNAME = { Abram Handler, Premkumar Ganeshkumar, Brendan O'Connor and Mohamed AlTantawy },
TITLE = { Summarizing Relationships for Interactive Concept Map Browsers },
}
@INPROCEEDINGS{ NewSum-28,
AUTHOR = { Sangwoo Cho, Chen Li, Dong Yu, Hassan Foroosh and Fei Liu },
SORTNAME = { Sangwoo Cho, Chen Li, Dong Yu, Hassan Foroosh and Fei Liu },
TITLE = { Multi-Document Summarization with Determinantal Point Processes and Contextualized Representations },
}
@INPROCEEDINGS{ NewSum-29,
AUTHOR = { Logan Lebanoff, John Muchovej, Franck Dernoncourt, Doo Soon Kim, Seokhwan Kim, Walter Chang and Fei Liu },
SORTNAME = { Logan Lebanoff, John Muchovej, Franck Dernoncourt, Doo Soon Kim, Seokhwan Kim, Walter Chang and Fei Liu },
TITLE = { Analyzing Sentence Fusion in Abstractive Summarization },
}
@INPROCEEDINGS{ NewSum-19,
AUTHOR = { Edward Moroshko, Guy Feigenblat, Haggai Roitman and David Konopnicki },
SORTNAME = { Edward Moroshko, Guy Feigenblat, Haggai Roitman and David Konopnicki },
TITLE = { An Editorial Network for Enhanced Document Summarization },
}
@INPROCEEDINGS{ NewSum-22,
AUTHOR = { Ming Zhong, Danqing Wang, Pengfei Liu, Xipeng Qiu and Xuanjing Huang },
SORTNAME = { Ming Zhong, Danqing Wang, Pengfei Liu, Xipeng Qiu and Xuanjing Huang },
TITLE = { A Closer Look at Data Bias in Neural Extractive Summarization Models },
}
