@INPROCEEDINGS{ NLP4IF-21,
AUTHOR = { Pankaj Gupta, Khushbu Saxena, Usama Yaseen, Thomas Runkler and Hinrich Schütze },
SORTNAME = { Pankaj Gupta, Khushbu Saxena, Usama Yaseen, Thomas Runkler and Hinrich Schutze },
TITLE = { Neural Architectures for Fine-Grained Propaganda Detection in News },
}
@INPROCEEDINGS{ NLP4IF-12,
AUTHOR = { Anna Rogers, Olga Kovaleva and Anna Rumshisky },
SORTNAME = { Anna Rogers, Olga Kovaleva and Anna Rumshisky },
TITLE = { Calls to Action on Social Media: Detection, Social Impact, and Censorship Potential },
}
@INPROCEEDINGS{ NLP4IF-11,
AUTHOR = { Or Levi, Pedram Hosseini, Mona Diab and David Broniatowski },
SORTNAME = { Or Levi, Pedram Hosseini, Mona Diab and David Broniatowski },
TITLE = { Identifying Nuances in Fake News vs. Satire: Using Semantic and Linguistic Cues },
}
@INPROCEEDINGS{ NLP4IF-33,
AUTHOR = { George-Alexandru Vlad, Mircea-Adrian Tanase, Cristian Onose and Dumitru-Clementin Cercel },
SORTNAME = { George-Alexandru Vlad, Mircea-Adrian Tanase, Cristian Onose and Dumitru-Clementin Cercel },
TITLE = { Sentence-Level Propaganda Detection in News Articles with Transfer Learning and BERT-BiLSTM-Capsule Model },
}
@INPROCEEDINGS{ NLP4IF-14,
AUTHOR = { Mareike Hartmann, Yevgeniy Golovchenko and Isabelle Augenstein },
SORTNAME = { Mareike Hartmann, Yevgeniy Golovchenko and Isabelle Augenstein },
TITLE = { Mapping (Dis-)Information Flow about the MH17 Plane Crash },
}
@INPROCEEDINGS{ NLP4IF-18,
AUTHOR = { Wei-Fan Chen, Khalid Al Khatib, Matthias Hagen, Henning Wachsmuth and Benno Stein },
SORTNAME = { Wei-Fan Chen, Khalid Al Khatib, Matthias Hagen, Henning Wachsmuth and Benno Stein },
TITLE = { Unraveling the Search Space of Abusive Language in Wikipedia \\with Dynamic Lexicon Acquisition },
}
@INPROCEEDINGS{ NLP4IF-34,
AUTHOR = { Adam Ek and Mehdi Ghanimifard },
SORTNAME = { Adam Ek and Mehdi Ghanimifard },
TITLE = { Synthetic Propaganda Embeddings To Train A Linear Projection },
}
@INPROCEEDINGS{ NLP4IF-26,
AUTHOR = { André Ferreira Cruz, Gil Rocha and Henrique Lopes Cardoso },
SORTNAME = { Andre Ferreira Cruz, Gil Rocha and Henrique Lopes Cardoso },
TITLE = { On Sentence Representations for Propaganda Detection: From Handcrafted Features to Word Embeddings },
}
@INPROCEEDINGS{ NLP4IF-31,
AUTHOR = { Ali Fadel, Ibrahim Tuffaha and Mahmoud Al-Ayyoub },
SORTNAME = { Ali Fadel, Ibrahim Tuffaha and Mahmoud Al-Ayyoub },
TITLE = { Pretrained Ensemble Learning for Fine-Grained Propaganda Detection },
}
@INPROCEEDINGS{ NLP4IF-4,
AUTHOR = { Meisam Navaki Arefi, Rajkumar Pandi, Michael Carl Tschantz, Jedidiah R. Crandall, King-wa Fu, Dahlia Qiu Shi and Miao Sha },
SORTNAME = { Meisam Navaki Arefi, Rajkumar Pandi, Michael Carl Tschantz, Jedidiah R. Crandall, King-wa Fu, Dahlia Qiu Shi and Miao Sha },
TITLE = { Assessing Post Deletion in Sina Weibo: Multi-modal Classification of Hot Topics },
}
@INPROCEEDINGS{ NLP4IF-7,
AUTHOR = { Ju-Hyoung Lee, Jun-U Park, Jeong-Won Cha and Yo-Sub Han },
SORTNAME = { Ju-Hyoung Lee, Jun-U Park, Jeong-Won Cha and Yo-Sub Han },
TITLE = { Detecting context abusiveness using hierarchical deep learning },
}
@INPROCEEDINGS{ NLP4IF-16,
AUTHOR = { ChaeHun Park, Wonsuk Yang and Jong Park },
SORTNAME = { ChaeHun Park, Wonsuk Yang and Jong Park },
TITLE = { Generating Sentential Arguments from Diverse Perspectives on Controversial Topic },
}
@INPROCEEDINGS{ NLP4IF-17,
AUTHOR = { Quanzhi Li, Qiong Zhang, Luo Si and Yingchi Liu },
SORTNAME = { Quanzhi Li, Qiong Zhang, Luo Si and Yingchi Liu },
TITLE = { Rumor Detection on Social Media: Datasets, Methods and Opportunities },
}
@INPROCEEDINGS{ NLP4IF-30,
AUTHOR = { Yiqing Hua },
SORTNAME = { Yiqing Hua },
TITLE = { Understanding BERT performance in propaganda analysis },
}
@INPROCEEDINGS{ NLP4IF-28,
AUTHOR = { Jinfen Li, Zhihao Ye and Lu Xiao },
SORTNAME = { Jinfen Li, Zhihao Ye and Lu Xiao },
TITLE = { Detection of Propaganda Using Logistic Regression },
}
@INPROCEEDINGS{ NLP4IF-8,
AUTHOR = { Nayeema Nasrin, Kim-Kwang Raymond Choo, Myung Ko and Anthony Rios },
SORTNAME = { Nayeema Nasrin, Kim-Kwang Raymond Choo, Myung Ko and Anthony Rios },
TITLE = { How Many Users Are Enough? Exploring Semi-Supervision and Stylometric Features to Uncover a Russian Troll Farm },
}
@INPROCEEDINGS{ NLP4IF-29,
AUTHOR = { Harish Tayyar Madabushi, Elena Kochkina and Michael Castelle },
SORTNAME = { Harish Tayyar Madabushi, Elena Kochkina and Michael Castelle },
TITLE = { Cost-Sensitive BERT for Generalisable Sentence Classification on Imbalanced Data },
}
@INPROCEEDINGS{ NLP4IF-27,
AUTHOR = { Hani Al-Omari, Malak Abdullah, Ola AlTiti and Samira Shaikh },
SORTNAME = { Hani Al-Omari, Malak Abdullah, Ola AlTiti and Samira Shaikh },
TITLE = { JUSTDeep at NLP4IF 2019 Task 1: Propaganda Detection using Ensemble Deep Learning Models },
}
@INPROCEEDINGS{ NLP4IF-32,
AUTHOR = { Kartik aggarwal and Anubhav Sadana },
SORTNAME = { Kartik aggarwal and Anubhav Sadana },
TITLE = { NSIT\@NLP4IF-2019: Propaganda Detection from News Articles using Transfer Learning },
}
@INPROCEEDINGS{ NLP4IF-19,
AUTHOR = { Wenjun Hou and Ying Chen },
SORTNAME = { Wenjun Hou and Ying Chen },
TITLE = { CAUnLP at NLP4IF 2019 Shared Task: Context-Dependent BERT for Sentence-Level Propaganda Detection },
}
@INPROCEEDINGS{ NLP4IF-13,
AUTHOR = { Srinivasan Iyer and Mike Lewis },
SORTNAME = { Srinivasan Iyer and Mike Lewis },
TITLE = { Identifying Perspectives in Online News using Weakly Supervised Generative Models },
}
@INPROCEEDINGS{ NLP4IF-22,
AUTHOR = { Tariq Alhindi, Jonas Pfeiffer and Smaranda Muresan },
SORTNAME = { Tariq Alhindi, Jonas Pfeiffer and Smaranda Muresan },
TITLE = { Fine-Tuned Neural Models for Propaganda Detection at the Sentence and Fragment levels },
}
@INPROCEEDINGS{ NLP4IF-25,
AUTHOR = { Norman Mapes, Anna White, Radhika Medury and Sumeet Dua },
SORTNAME = { Norman Mapes, Anna White, Radhika Medury and Sumeet Dua },
TITLE = { Divisive Language and Propaganda Detection using Multi-head Attention Transformers with Deep Learning BERT-based Language Models for Binary Classification },
}
@INPROCEEDINGS{ NLP4IF-20,
AUTHOR = { Shehel Yoosuf and Yin Yang },
SORTNAME = { Shehel Yoosuf and Yin Yang },
TITLE = { Fine-Grained Propaganda Detection with Fine-Tuned BERT },
}
