@INPROCEEDINGS{ TextGraphs-21,
AUTHOR = { Siyu Huo, Tengfei Ma, Jie Chen, Maria Chang, Lingfei Wu and Michael Witbrock },
SORTNAME = { Siyu Huo, Tengfei Ma, Jie Chen, Maria Chang, Lingfei Wu and Michael Witbrock },
TITLE = { Graph Enhanced Cross-Domain Text-to-SQL Generation },
}
@INPROCEEDINGS{ TextGraphs-1,
AUTHOR = { Pierre Daix-Moreux and Matthias Gallé },
SORTNAME = { Pierre Daix-Moreux and Matthias Galle },
TITLE = { Joint Semantic and Distributional Word Representations with Multi-Graph Embeddings },
}
@INPROCEEDINGS{ TextGraphs-12,
AUTHOR = { Yuki Tagawa, Motoki Taniguchi, Yasuhide Miura, Tomoki Taniguchi, Tomoko Ohkuma, Takayuki Yamamoto and Keiichi Nemoto },
SORTNAME = { Yuki Tagawa, Motoki Taniguchi, Yasuhide Miura, Tomoki Taniguchi, Tomoko Ohkuma, Takayuki Yamamoto and Keiichi Nemoto },
TITLE = { Relation Prediction for Unseen-Entities Using Entity-Word Graphs },
}
@INPROCEEDINGS{ TextGraphs-11,
AUTHOR = { Prithviraj Ammanabrolu and Mark Riedl },
SORTNAME = { Prithviraj Ammanabrolu and Mark Riedl },
TITLE = { Transfer in Deep Reinforcement Learning Using Knowledge Graphs },
}
@INPROCEEDINGS{ TextGraphs-14,
AUTHOR = { Zimeng Qiu, Eunah Cho, Xiaochun Ma and William Campbell },
SORTNAME = { Zimeng Qiu, Eunah Cho, Xiaochun Ma and William Campbell },
TITLE = { Graph-Based Semi-Supervised Learning for Natural Language Understanding },
}
@INPROCEEDINGS{ TextGraphs-18,
AUTHOR = { Robert Schwarzenberg, Marc Hübner, David Harbecke, Christoph Alt and Leonhard Hennig },
SORTNAME = { Robert Schwarzenberg, Marc Hubner, David Harbecke, Christoph Alt and Leonhard Hennig },
TITLE = { Layerwise Relevance Visualization in Convolutional Text Graph Classifiers },
}
@INPROCEEDINGS{ TextGraphs-34,
AUTHOR = { Jennifer D'Souza, Isaiah Onando Mulang' and Sören Auer },
SORTNAME = { Jennifer D'Souza, Isaiah Onando Mulang' and Soren Auer },
TITLE = { Team SVMrank: Leveraging Feature-rich Support Vector Machines for Ranking Explanations to Elementary Science Questions },
}
@INPROCEEDINGS{ TextGraphs-26,
AUTHOR = { Ida Szubert and Mark Steedman },
SORTNAME = { Ida Szubert and Mark Steedman },
TITLE = { Node Embeddings for Graph Merging: Case of Knowledge Graph Construction },
}
@INPROCEEDINGS{ TextGraphs-9,
AUTHOR = { Qingkai Zeng, Mengxia Yu, Wenhao Yu, JinJun Xiong, Yiyu Shi and Meng Jiang },
SORTNAME = { Qingkai Zeng, Mengxia Yu, Wenhao Yu, JinJun Xiong, Yiyu Shi and Meng Jiang },
TITLE = { Faceted Hierarchy: A New Graph Type to Organize Scientific Concepts and a Construction Method },
}
@INPROCEEDINGS{ TextGraphs-31,
AUTHOR = { Ming Jiang and Jana Diesner },
SORTNAME = { Ming Jiang and Jana Diesner },
TITLE = { A Constituency Parsing Tree based Method for Relation Extraction from Abstracts of Scholarly Publications },
}
@INPROCEEDINGS{ TextGraphs-5,
AUTHOR = { Vaibhav Vaibhav, Raghuram Mandyam and Eduard Hovy },
SORTNAME = { Vaibhav Vaibhav, Raghuram Mandyam and Eduard Hovy },
TITLE = { Do Sentence Interactions Matter? Leveraging Sentence Level Representations for Fake News Classification },
}
@INPROCEEDINGS{ TextGraphs-17,
AUTHOR = { Daniel Beck, Trevor Cohn and Gholamreza Haffari },
SORTNAME = { Daniel Beck, Trevor Cohn and Gholamreza Haffari },
TITLE = { Neural Speech Translation using Lattice Transformations and Graph Networks },
}
@INPROCEEDINGS{ TextGraphs-3,
AUTHOR = { Reinald Kim Amplayo, Seung-won Hwang and Min Song },
SORTNAME = { Reinald Kim Amplayo, Seung-won Hwang and Min Song },
TITLE = { Evaluating Research Novelty Detection: Counterfactual Approaches },
}
@INPROCEEDINGS{ TextGraphs-37,
AUTHOR = { Peter Jansen and Dmitry Ustalov },
SORTNAME = { Peter Jansen and Dmitry Ustalov },
TITLE = { TextGraphs 2019 Shared Task on Multi-Hop Inference for Explanation Regeneration },
}
@INPROCEEDINGS{ TextGraphs-35,
AUTHOR = { Rajarshi Das, Ameya Godbole, Manzil Zaheer, Shehzaad Dhuliawala and Andrew McCallum },
SORTNAME = { Rajarshi Das, Ameya Godbole, Manzil Zaheer, Shehzaad Dhuliawala and Andrew McCallum },
TITLE = { Chains-of-Reasoning at TextGraphs 2019 Shared Task: Reasoning over Chains of Facts for Explainable Multi-hop Inference },
}
@INPROCEEDINGS{ TextGraphs-24,
AUTHOR = { Matan Zuckerman and Mark Last },
SORTNAME = { Matan Zuckerman and Mark Last },
TITLE = { Using Graphs for Word Embedding with Enhanced Semantic Relations },
}
@INPROCEEDINGS{ TextGraphs-8,
AUTHOR = { Sammy Khalife and Michalis Vazirgiannis },
SORTNAME = { Sammy Khalife and Michalis Vazirgiannis },
TITLE = { Scalable graph-based method for individual named entity identification },
}
@INPROCEEDINGS{ TextGraphs-27,
AUTHOR = { Viktor Schlegel and Andre Freitas },
SORTNAME = { Viktor Schlegel and Andre Freitas },
TITLE = { DBee: A Database for Creating and Managing Knowledge Graphs and Embeddings },
}
@INPROCEEDINGS{ TextGraphs-32,
AUTHOR = { Yew Ken Chia, Sam Witteveen and Martin Andrews },
SORTNAME = { Yew Ken Chia, Sam Witteveen and Martin Andrews },
TITLE = { Red Dragon AI at TextGraphs 2019 Shared Task: Language Model Assisted Explanation Generation },
}
@INPROCEEDINGS{ TextGraphs-19,
AUTHOR = { Mokanarangan Thayaparan, Marco Valentino, Viktor Schlegel and André Freitas },
SORTNAME = { Mokanarangan Thayaparan, Marco Valentino, Viktor Schlegel and Andre Freitas },
TITLE = { Identifying Supporting Facts for Multi-hop Question Answering with Document Graph Networks },
}
@INPROCEEDINGS{ TextGraphs-22,
AUTHOR = { Pratyay Banerjee },
SORTNAME = { Pratyay Banerjee },
TITLE = { ASU at TextGraphs 2019 Shared Task: Explanation ReGeneration using Language Models and Iterative Re-Ranking },
}
@INPROCEEDINGS{ TextGraphs-25,
AUTHOR = { Saatviga Sudhahar, Andrea Pierleoni and Ian Roberts },
SORTNAME = { Saatviga Sudhahar, Andrea Pierleoni and Ian Roberts },
TITLE = { Reasoning Over Paths via Knowledge Base Completion },
}
@INPROCEEDINGS{ TextGraphs-20,
AUTHOR = { Danni Ma, Chen Chen, Behzad Golshan and Wang-Chiew Tan },
SORTNAME = { Danni Ma, Chen Chen, Behzad Golshan and Wang-Chiew Tan },
TITLE = { Essentia: Mining Domain-specific Paraphrases with Word-Alignment Graphs },
}
