@INPROCEEDINGS{ ws-MSR2019-17,
AUTHOR = { Alessandro Mazzei and Valerio Basile },
SORTNAME = { Alessandro Mazzei and Valerio Basile },
TITLE = { The DipInfoUniTo Realizer at SRST'19: Learning to Rank and Deep Morphology Prediction for Multilingual Surface Realization },
}
@INPROCEEDINGS{ ws-MSR2019-8,
AUTHOR = { Dang Tuan Nguyen and Trung Tran },
SORTNAME = { Dang Tuan Nguyen and Trung Tran },
TITLE = { DANGNT-NLP at Surface Realization Shared Task 2019: Structure-based Generation System for Shallow and Deep Tracks },
}
@INPROCEEDINGS{ ws-MSR2019-13,
AUTHOR = { Kartikeya Upasani, David King, Jinfeng Rao, Anusha Balakrishnan and Michael White },
SORTNAME = { Kartikeya Upasani, David King, Jinfeng Rao, Anusha Balakrishnan and Michael White },
TITLE = { The OSU/Facebook Realizer for SRST 2019: Seq2Seq Inflection and Serialized Tree2Tree Linearization },
}
@INPROCEEDINGS{ ws-MSR2019-15,
AUTHOR = { Xudong Hong, Ernie Chang and Vera Demberg },
SORTNAME = { Xudong Hong, Ernie Chang and Vera Demberg },
TITLE = { Improving Language Generation from Feature-Rich Tree-Structured Data with Relational Graph Convolutional Encoders },
}
@INPROCEEDINGS{ ws-MSR2019-16,
AUTHOR = { Marco Antonio Sobrevilla Cabezudo, Simon Mille and Thiago Pardo },
SORTNAME = { Marco Antonio Sobrevilla Cabezudo, Simon Mille and Thiago Pardo },
TITLE = { Back-Translation as Strategy to Tackle the Lack of Corpus in Natural Language Generation from Semantic Representations },
}
@INPROCEEDINGS{ ws-MSR2019-10,
AUTHOR = { Farhood Farahnak, Laya Rafiee, Leila Kosseim and Thomas Fevens },
SORTNAME = { Farhood Farahnak, Laya Rafiee, Leila Kosseim and Thomas Fevens },
TITLE = { The Concordia NLG Surface Realizer at SRST 2019 },
}
@INPROCEEDINGS{ ws-MSR2019-14,
AUTHOR = { Wenchao Du and Alan W Black },
SORTNAME = { Wenchao Du and Alan W Black },
TITLE = { Learning to Order Graph Elements with Application to Multilingual Surface Realization },
}
@INPROCEEDINGS{ ws-MSR2019-6,
AUTHOR = { Xiang Yu, Agnieszka Falenska, Marina Haid, Ngoc Thang Vu and Jonas Kuhn },
SORTNAME = { Xiang Yu, Agnieszka Falenska, Marina Haid, Ngoc Thang Vu and Jonas Kuhn },
TITLE = { IMSurReal: IMS at the Surface Realization Shared Task 2019 },
}
@INPROCEEDINGS{ ws-MSR2019-18,
AUTHOR = { Anastasia Shimorina and Claire Gardent },
SORTNAME = { Anastasia Shimorina and Claire Gardent },
TITLE = { LORIA / Lorraine University at Multilingual Surface Realisation 2019 },
}
@INPROCEEDINGS{ ws-MSR2019-7,
AUTHOR = { Guy Lapalme },
SORTNAME = { Guy Lapalme },
TITLE = { Realizing Universal Dependencies Structures },
}
@INPROCEEDINGS{ ws-MSR2019-11,
AUTHOR = { Ádám Kovács, Evelin Ács, Judit Ács, Andras Kornai and Gábor Recski },
SORTNAME = { Adam Kovacs, Evelin Acs, Judit Acs, Andras Kornai and Gabor Recski },
TITLE = { BME-UW at SRST-2019: Surface realization with Interpreted Regular Tree Grammars },
}
@INPROCEEDINGS{ ws-MSR2019-12,
AUTHOR = { William Dyer },
SORTNAME = { William Dyer },
TITLE = { DepDist: Surface realization via regex and learned dependency-distance tolerance },
}
@INPROCEEDINGS{ ws-MSR2019-9,
AUTHOR = { Thiago Castro Ferreira and Emiel Krahmer },
SORTNAME = { Thiago Castro Ferreira and Emiel Krahmer },
TITLE = { Surface Realization Shared Task 2019 (MSR19): The Team 6 Approach },
}
