@INPROCEEDINGS{ Discomt-12,
AUTHOR = { Amane Sugiyama and Naoki Yoshinaga },
SORTNAME = { Amane Sugiyama and Naoki Yoshinaga },
TITLE = { Data augmentation using back-translation for context-aware neural machine translation },
}
@INPROCEEDINGS{ Discomt-5,
AUTHOR = { Ekaterina Lapshinova-Koltunski and Cristina España-Bonet and Josef van Genabith },
SORTNAME = { Ekaterina Lapshinova-Koltunski and Cristina Espana-Bonet and Josef van Genabith },
TITLE = { Analysing Coreference in Transformer Outputs },
}
@INPROCEEDINGS{ Discomt-15,
AUTHOR = { Yves Scherrer and Jörg Tiedemann and Sharid Loáiciga },
SORTNAME = { Yves Scherrer and Jorg Tiedemann and Sharid Loaiciga },
TITLE = { Analysing concatenation approaches to document-level NMT in two different domains },
}
@INPROCEEDINGS{ Discomt-8,
AUTHOR = { Yunsu Kim and Duc Thanh Tran and Hermann Ney },
SORTNAME = { Yunsu Kim and Duc Thanh Tran and Hermann Ney },
TITLE = { When and Why is Document-level Context Useful in Neural Machine Translation? },
}
@INPROCEEDINGS{ Discomt-13,
AUTHOR = { Takumi Ohtani and Hidetaka Kamigaito and Masaaki Nagata and Manabu Okumura },
SORTNAME = { Takumi Ohtani and Hidetaka Kamigaito and Masaaki Nagata and Manabu Okumura },
TITLE = { Context-aware Neural Machine Translation with Coreference Information },
}
@INPROCEEDINGS{ Discomt-6,
AUTHOR = { Eva Martínez Garcia and Carles Creus and Cristina España-Bonet },
SORTNAME = { Eva Martinez Garcia and Carles Creus and Cristina Espana-Bonet },
TITLE = { Context-Aware Neural Machine Translation Decoding },
}
