@INPROCEEDINGS{ MRQA-50,
AUTHOR = { Ying-Hong Chan and Yao-Chung Fan },
SORTNAME = { Ying-Hong Chan and Yao-Chung Fan },
TITLE = { A Recurrent BERT-based Model for Question Generation },
}
@INPROCEEDINGS{ MRQA-48,
AUTHOR = { Dheeru Dua and Ananth Gottumukkala and Alon Talmor and Matt Gardner and Sameer Singh },
SORTNAME = { Dheeru Dua and Ananth Gottumukkala and Alon Talmor and Matt Gardner and Sameer Singh },
TITLE = { Comprehensive Multi-Dataset Evaluation of Reading Comprehension },
}
@INPROCEEDINGS{ MRQA-14,
AUTHOR = { Xiaoman Pan and Kai Sun and Dian Yu and Jianshu Chen and Heng Ji and Claire Cardie and Dong Yu },
SORTNAME = { Xiaoman Pan and Kai Sun and Dian Yu and Jianshu Chen and Heng Ji and Claire Cardie and Dong Yu },
TITLE = { Improving Subject-Area Question Answering with External Knowledge },
}
@INPROCEEDINGS{ MRQA-18,
AUTHOR = { Qian Li and Hui Su and CHENG NIU and Daling Wang and Zekang Li and Shi Feng and yifei zhang },
SORTNAME = { Qian Li and Hui Su and CHENG NIU and Daling Wang and Zekang Li and Shi Feng and yifei zhang },
TITLE = { Answer-Supervised Question Reformulation for Enhancing Conversational Machine Comprehension },
}
@INPROCEEDINGS{ MRQA-34,
AUTHOR = { Haoyu Wang and Mo Yu and Xiaoxiao Guo and Rajarshi Das and Wenhan Xiong and Tian Gao },
SORTNAME = { Haoyu Wang and Mo Yu and Xiaoxiao Guo and Rajarshi Das and Wenhan Xiong and Tian Gao },
TITLE = { Do Multi-hop Readers Dream of Reasoning Chains? },
}
@INPROCEEDINGS{ MRQA-26,
AUTHOR = { Mao Nakanishi and Tetsunori Kobayashi and Yoshihiko Hayashi },
SORTNAME = { Mao Nakanishi and Tetsunori Kobayashi and Yoshihiko Hayashi },
TITLE = { Towards Answer-unaware Conversational Question Generation },
}
@INPROCEEDINGS{ MRQA-43,
AUTHOR = { Matt Gardner and Jonathan Berant and Hannaneh Hajishirzi and Alon Talmor and Sewon Min },
SORTNAME = { Matt Gardner and Jonathan Berant and Hannaneh Hajishirzi and Alon Talmor and Sewon Min },
TITLE = { On Making Reading Comprehension More Comprehensive },
}
@INPROCEEDINGS{ MRQA-23,
AUTHOR = { Bowen Wu and Haoyang Huang and Zongsheng Wang and Qihang Feng and Jingsong Yu and Baoxun Wang },
SORTNAME = { Bowen Wu and Haoyang Huang and Zongsheng Wang and Qihang Feng and Jingsong Yu and Baoxun Wang },
TITLE = { Improving the Robustness of Deep Reading Comprehension Models by Leveraging Syntax Prior },
}
@INPROCEEDINGS{ MRQA-42,
AUTHOR = { Norio Takahashi and Tomohide Shibata and Daisuke Kawahara and Sadao Kurohashi },
SORTNAME = { Norio Takahashi and Tomohide Shibata and Daisuke Kawahara and Sadao Kurohashi },
TITLE = { Machine Comprehension Improves Domain-Specific Japanese Predicate-Argument Structure Analysis },
}
@INPROCEEDINGS{ MRQA-64,
AUTHOR = { Hongyu Li and Xiyuan Zhang and Yibing Liu and Yiming Zhang and Quan Wang and Xiangyang Zhou and Jing Liu and Hua Wu and Haifeng Wang },
SORTNAME = { Hongyu Li and Xiyuan Zhang and Yibing Liu and Yiming Zhang and Quan Wang and Xiangyang Zhou and Jing Liu and Hua Wu and Haifeng Wang },
TITLE = { D-NET: A Pre-Training and Fine-Tuning Framework for Improving the Generalization of Machine Reading Comprehension },
}
@INPROCEEDINGS{ MRQA-62,
AUTHOR = { Seanie Lee and Donggyu Kim and Jangwon Park },
SORTNAME = { Seanie Lee and Donggyu Kim and Jangwon Park },
TITLE = { Domain-agnostic Question-Answering with Adversarial Training },
}
@INPROCEEDINGS{ MRQA-45,
AUTHOR = { Anthony Chen and Gabriel Stanovsky and Sameer Singh and Matt Gardner },
SORTNAME = { Anthony Chen and Gabriel Stanovsky and Sameer Singh and Matt Gardner },
TITLE = { Evaluating Question Answering Evaluation },
}
@INPROCEEDINGS{ MRQA-46,
AUTHOR = { Hemant Pugaliya and James Route and Kaixin Ma and Yixuan Geng and Eric Nyberg },
SORTNAME = { Hemant Pugaliya and James Route and Kaixin Ma and Yixuan Geng and Eric Nyberg },
TITLE = { Bend but Don't Break? Multi-Challenge Stress Test for QA Models },
}
@INPROCEEDINGS{ MRQA-65,
AUTHOR = { Shayne Longpre and Zhucheng Tu and Yi Lu and Chris DuBois },
SORTNAME = { Shayne Longpre and Zhucheng Tu and Yi Lu and Chris DuBois },
TITLE = { MRQA 2019 Shared Task: Fine-tuned XLNet with Negative Sampling for Multi-Domain Question Answering },
}
@INPROCEEDINGS{ MRQA-61,
AUTHOR = { Reham Osama and Nagwa El-Makky and Marwan Torki },
SORTNAME = { Reham Osama and Nagwa El-Makky and Marwan Torki },
TITLE = { Question Answering Using Hierarchical Attention on Top of BERT Features },
}
@INPROCEEDINGS{ MRQA-52,
AUTHOR = { Junmo Kang and Haritz Puerto San Roman and sung-hyon myaeng },
SORTNAME = { Junmo Kang and Haritz Puerto San Roman and sung-hyon myaeng },
TITLE = { Let Me Know What to Ask: Interrogative-Word-Aware Question Generation },
}
@INPROCEEDINGS{ MRQA-3,
AUTHOR = { Hangbo Bao and Li Dong and Furu Wei and Wenhui Wang and Nan Yang and Lei Cui and Songhao Piao and Ming Zhou },
SORTNAME = { Hangbo Bao and Li Dong and Furu Wei and Wenhui Wang and Nan Yang and Lei Cui and Songhao Piao and Ming Zhou },
TITLE = { Inspecting Unification of Encoding and Matching with Transformer: A Case Study of Machine Reading Comprehension },
}
@INPROCEEDINGS{ MRQA-63,
AUTHOR = { Dan Su and Yan Xu and Genta Indra Winata and Peng Xu and Hyeondey Kim and Zihan Liu and Pascale Fung },
SORTNAME = { Dan Su and Yan Xu and Genta Indra Winata and Peng Xu and Hyeondey Kim and Zihan Liu and Pascale Fung },
TITLE = { Generalizing Question Answering System with Pre-trained Language Model Fine-tuning },
}
@INPROCEEDINGS{ MRQA-59,
AUTHOR = { Lea Frermann },
SORTNAME = { Lea Frermann },
TITLE = { Extractive NarrativeQA with Heuristic Pre-Training },
}
@INPROCEEDINGS{ MRQA-30,
AUTHOR = { Yi-Ting Yeh and Yun-Nung Chen },
SORTNAME = { Yi-Ting Yeh and Yun-Nung Chen },
TITLE = { FlowDelta: Modeling Flow Information Gain in Reasoning for Conversational Machine Comprehension },
}
@INPROCEEDINGS{ MRQA-28,
AUTHOR = { Elozino Egonmwan and Vittorio Castelli and Md Arafat Sultan },
SORTNAME = { Elozino Egonmwan and Vittorio Castelli and Md Arafat Sultan },
TITLE = { Cross-Task Knowledge Transfer for Query-Based Text Summarization },
}
@INPROCEEDINGS{ MRQA-29,
AUTHOR = { Stefanos Angelidis and Lea Frermann and Diego Marcheggiani and Roi Blanco and Lluís Màrquez },
SORTNAME = { Stefanos Angelidis and Lea Frermann and Diego Marcheggiani and Roi Blanco and Lluis Marquez },
TITLE = { Book QA: Stories of Challenges and Opportunities },
}
@INPROCEEDINGS{ MRQA-19,
AUTHOR = { Wenhan Xiong and Mo Yu and Xiaoxiao Guo and Hong Wang and Shiyu Chang and Murray Campbell and William Yang Wang },
SORTNAME = { Wenhan Xiong and Mo Yu and Xiaoxiao Guo and Hong Wang and Shiyu Chang and Murray Campbell and William Yang Wang },
TITLE = { Simple yet Effective Bridge Reasoning for Open-Domain Multi-Hop Question Answering },
}
@INPROCEEDINGS{ MRQA-6,
AUTHOR = { FREDERIC BECHET and Cindy Aloui and Delphine Charlet and Geraldine Damnati and Johannes Heinecke and Alexis Nasr and Frederic Herledan },
SORTNAME = { FREDERIC BECHET and Cindy Aloui and Delphine Charlet and Geraldine Damnati and Johannes Heinecke and Alexis Nasr and Frederic Herledan },
TITLE = { CALOR-QUEST : generating a training corpus for Machine Reading Comprehension models from shallow semantic annotations },
}
@INPROCEEDINGS{ MRQA-44,
AUTHOR = { Rajarshi Das and Ameya Godbole and Dilip Kavarthapu and Zhiyu Gong and Abhishek Singhal and Mo Yu and Xiaoxiao Guo and Tian Gao and Hamed Zamani and Manzil Zaheer and Andrew McCallum },
SORTNAME = { Rajarshi Das and Ameya Godbole and Dilip Kavarthapu and Zhiyu Gong and Abhishek Singhal and Mo Yu and Xiaoxiao Guo and Tian Gao and Hamed Zamani and Manzil Zaheer and Andrew McCallum },
TITLE = { Multi-step Entity-centric Information Retrieval for Multi-Hop Question Answering },
}
@INPROCEEDINGS{ MRQA-25,
AUTHOR = { Kevin Lin and Oyvind Tafjord and Peter Clark and Matt Gardner },
SORTNAME = { Kevin Lin and Oyvind Tafjord and Peter Clark and Matt Gardner },
TITLE = { Reasoning Over Paragraph Effects in Situations },
}
@INPROCEEDINGS{ MRQA-60,
AUTHOR = { Takumi Takahashi and Motoki Taniguchi and Tomoki Taniguchi and Tomoko Ohkuma },
SORTNAME = { Takumi Takahashi and Motoki Taniguchi and Tomoki Taniguchi and Tomoko Ohkuma },
TITLE = { CLER: Cross-task Learning with Expert Representation to Generalize Reading and Understanding },
}
@INPROCEEDINGS{ MRQA-47,
AUTHOR = { Amin Ahmad and Noah Constant and Yinfei Yang and Daniel Cer },
SORTNAME = { Amin Ahmad and Noah Constant and Yinfei Yang and Daniel Cer },
TITLE = { ReQA: An Evaluation for End-to-End Answer Retrieval Models },
}
@INPROCEEDINGS{ MRQA-4,
AUTHOR = { Tongshuang Wu and Marco Tulio Ribeiro and Jeffrey Heer and Daniel Weld },
SORTNAME = { Tongshuang Wu and Marco Tulio Ribeiro and Jeffrey Heer and Daniel Weld },
TITLE = { Errudite: Scalable, Reproducible, and Testable Error Analysis },
}
@INPROCEEDINGS{ MRQA-17,
AUTHOR = { Marco Tulio Ribeiro and Carlos Guestrin and Sameer Singh },
SORTNAME = { Marco Tulio Ribeiro and Carlos Guestrin and Sameer Singh },
TITLE = { Are Red Roses Red? Evaluating Consistency of Question-Answering Models },
}
@INPROCEEDINGS{ MRQA-32,
AUTHOR = { Yixin Nie and Songhe Wang and Mohit Bansal },
SORTNAME = { Yixin Nie and Songhe Wang and Mohit Bansal },
TITLE = { Revealing the Importance of Semantic Retrieval for Machine Reading at Scale },
}
@INPROCEEDINGS{ MRQA-57,
AUTHOR = { Todor Mihaylov and Anette Frank },
SORTNAME = { Todor Mihaylov and Anette Frank },
TITLE = { Discourse-Aware Semantic Self-Attention for Narrative Reading Comprehension },
}
