@INPROCEEDINGS{ LOUHI-48,
AUTHOR = { Denis Newman-Griffis and Eric Fosler-Lussier },
SORTNAME = { Denis Newman-Griffis and Eric Fosler-Lussier },
TITLE = { Writing habits and telltale neighbors: analyzing clinical concept usage patterns with sublanguage embeddings },
}
@INPROCEEDINGS{ LOUHI-21,
AUTHOR = { Alexander Te-Wei Shieh and Yung-Sung Chuang and Shang-Yu Su and Yun-Nung Chen },
SORTNAME = { Alexander Te-Wei Shieh and Yung-Sung Chuang and Shang-Yu Su and Yun-Nung Chen },
TITLE = { Towards Understanding of Medical Randomized Controlled Trials by Conclusion Generation },
}
@INPROCEEDINGS{ LOUHI-11,
AUTHOR = { Elsbeth Turcan and Kathy McKeown },
SORTNAME = { Elsbeth Turcan and Kathy McKeown },
TITLE = { Dreaddit: A Reddit Dataset for Stress Analysis in Social Media },
}
@INPROCEEDINGS{ LOUHI-18,
AUTHOR = { Isar Nejadgholi and Kathleen C. Fraser and Berry De Bruijn and Muqun Li and Astha LaPlante and Khaldoun Zine El Abidine },
SORTNAME = { Isar Nejadgholi and Kathleen C. Fraser and Berry De Bruijn and Muqun Li and Astha LaPlante and Khaldoun Zine El Abidine },
TITLE = { Recognizing UMLS Semantic Types with Deep Learning },
}
@INPROCEEDINGS{ LOUHI-34,
AUTHOR = { Agnieszka Mykowiecka and Malgorzata Marciniak },
SORTNAME = { Agnieszka Mykowiecka and Malgorzata Marciniak },
TITLE = { Experiments with ad hoc ambiguous abbreviation expansion },
}
@INPROCEEDINGS{ LOUHI-26,
AUTHOR = { Marco Basaldella and Nigel Collier },
SORTNAME = { Marco Basaldella and Nigel Collier },
TITLE = { BioReddit: Word Embeddings for User-Generated Biomedical NLP },
}
@INPROCEEDINGS{ LOUHI-43,
AUTHOR = { Serena Jeblee and Faiza Khan Khattak and Noah Crampton and Muhammad Mamdani and Frank Rudzicz },
SORTNAME = { Serena Jeblee and Faiza Khan Khattak and Noah Crampton and Muhammad Mamdani and Frank Rudzicz },
TITLE = { Extracting relevant information from physician-patient dialogues for automated clinical note taking },
}
@INPROCEEDINGS{ LOUHI-31,
AUTHOR = { Kristin Wright-Bettner and Martha Palmer and Guergana Savova and Piet de Groen and Timothy Miller },
SORTNAME = { Kristin Wright-Bettner and Martha Palmer and Guergana Savova and Piet de Groen and Timothy Miller },
TITLE = { Cross-document coreference: An approach to capturing coreference without context },
}
@INPROCEEDINGS{ LOUHI-45,
AUTHOR = { Elena Sergeeva and Henghui Zhu and Amir Tahmasebi and Peter Szolovits },
SORTNAME = { Elena Sergeeva and Henghui Zhu and Amir Tahmasebi and Peter Szolovits },
TITLE = { Neural Token Representations and Negation and Speculation Scope Detection in Biomedical and General Domain Text },
}
@INPROCEEDINGS{ LOUHI-5,
AUTHOR = { Wen-wai Yim and Ashley Mills and Harold Chun and Teresa Hashiguchi and Justin Yew and Bryan Lu },
SORTNAME = { Wen-wai Yim and Ashley Mills and Harold Chun and Teresa Hashiguchi and Justin Yew and Bryan Lu },
TITLE = { Automatic rubric-based content grading for clinical notes },
}
@INPROCEEDINGS{ LOUHI-46,
AUTHOR = { Elena Alvarez-Mellado and Eben Holderness and Nicholas Miller and Fyonn Dhang and Philip Cawkwell and Kirsten Bolton and James Pustejovsky and Mei-Hua Hall },
SORTNAME = { Elena Alvarez-Mellado and Eben Holderness and Nicholas Miller and Fyonn Dhang and Philip Cawkwell and Kirsten Bolton and James Pustejovsky and Mei-Hua Hall },
TITLE = { Assessing the Efficacy of Clinical Sentiment Analysis and Topic Extraction in Psychiatric Readmission Risk Prediction },
}
@INPROCEEDINGS{ LOUHI-39,
AUTHOR = { Prasadith Kirinde Gamaarachchige and Diana Inkpen },
SORTNAME = { Prasadith Kirinde Gamaarachchige and Diana Inkpen },
TITLE = { Multi-Task, Multi-Channel, Multi-Input Learning for Mental Illness Detection using Social Media Text },
}
@INPROCEEDINGS{ LOUHI-3,
AUTHOR = { John-Jose Nunez and Giuseppe Carenini },
SORTNAME = { John-Jose Nunez and Giuseppe Carenini },
TITLE = { Comparing the Intrinsic Performance of Clinical Concept Embeddings by Their Field of Medicine },
}
@INPROCEEDINGS{ LOUHI-30,
AUTHOR = { Hanna Berg and Taridzo Chomutare and Hercules Dalianis },
SORTNAME = { Hanna Berg and Taridzo Chomutare and Hercules Dalianis },
TITLE = { Building a De-identification System for Real Swedish Clinical Text Using Pseudonymised Clinical Text },
}
@INPROCEEDINGS{ LOUHI-28,
AUTHOR = { Shang-Chi Tsai and Ting-Yun Chang and Yun-Nung Chen },
SORTNAME = { Shang-Chi Tsai and Ting-Yun Chang and Yun-Nung Chen },
TITLE = { Leveraging Hierarchical Category Knowledge for Data-Imbalanced Multi-Label Diagnostic Text Understanding },
}
@INPROCEEDINGS{ LOUHI-24,
AUTHOR = { Annika M Schoene and George Lacey and Alexander P Turner and Nina Dethlefs },
SORTNAME = { Annika M Schoene and George Lacey and Alexander P Turner and Nina Dethlefs },
TITLE = { Dilated LSTM with attention for Classification of Suicide Notes },
}
@INPROCEEDINGS{ LOUHI-8,
AUTHOR = { Tuan Ngo Nguyen and Franck Dernoncourt and Thien Huu Nguyen },
SORTNAME = { Tuan Ngo Nguyen and Franck Dernoncourt and Thien Huu Nguyen },
TITLE = { On the Effectiveness of the Pooling Methods for Biomedical Relation Extraction with Deep Learning },
}
@INPROCEEDINGS{ LOUHI-32,
AUTHOR = { Hoang Van and Ahmad Musa and Hang Chen and Stephen Kobourov and Mihai Surdeanu },
SORTNAME = { Hoang Van and Ahmad Musa and Hang Chen and Stephen Kobourov and Mihai Surdeanu },
TITLE = { What does the language of foods say about us? },
}
@INPROCEEDINGS{ LOUHI-19,
AUTHOR = { Matus Falis and Maciej Pajak and Aneta Lisowska and Patrick Schrempf and Lucas Deckers and Shadia Mikhael and Sotirios Tsaftaris and Alison O'Neil },
SORTNAME = { Matus Falis and Maciej Pajak and Aneta Lisowska and Patrick Schrempf and Lucas Deckers and Shadia Mikhael and Sotirios Tsaftaris and Alison O'Neil },
TITLE = { Ontological attention ensembles for capturing semantic concepts in ICD code prediction from clinical text },
}
@INPROCEEDINGS{ LOUHI-44,
AUTHOR = { Sinchani Chakraborty and Sudeshna Sarkar and Pawan Goyal and Mahanandeeshwar Gattu },
SORTNAME = { Sinchani Chakraborty and Sudeshna Sarkar and Pawan Goyal and Mahanandeeshwar Gattu },
TITLE = { Biomedical Relation Classification by single and multiple source domain adaptation },
}
@INPROCEEDINGS{ LOUHI-25,
AUTHOR = { Diya Li and Heng Ji },
SORTNAME = { Diya Li and Heng Ji },
TITLE = { Syntax-aware Multi-task Graph Convolutional Networks for Biomedical Relation Extraction },
}
